2675 4009
287 546 345 610 152
478 551 858 610 .u.sau.uum'tuuu1

286 703 360 776 lenis
379 705 514 766 manmit
532 703 742 783 pronunciatio.
781 701 865 762 Nibil
884 700 964 760 euim
982 709 1027 762 est
1048 698 1086 759 ad

286 803 499 864 conciliandum
531 806 640 879 gratius
671 800 862 860 verecundiae
900 815 960 856 nou
985 807 1087 856 tamen
1184 806 1185 809 ’

287 917 406 976 semper.
446 898 551 974 Neque
576 897 653 956 enim
679 916 740 956 uno
766 897 852 955 modo
877 895 1014 954 dicuntur
1035 911 1088 953 ex·

287 996 378 1068 ordia,
393 1004 425 1056 ut
437 994 532 1054 docui.
573 993 746 1069 Plerumque
759 1004 855 1050 tamen
868 1002 898 1050 et
909 1011 965 1049 vox
977 1001 1086 1066 tempe-

286 1102 357 1163 rata,
372 1101 400 1150 et
413 1077 510 1169 gestus
524 1091 680 1162 modestus,
693 1100 723 1148 et
742 1090 846 1148 sedens
864 1089 985 1146 humero
1004 1098 1083 1165 toga,

287 1197 316 1246 ct
341 1187 461 1246 laterum
486 1187 560 1246 lenis
586 1187 618 1246 in
650 1197 800 1263 utramque
831 1195 943 1262 partem
976 1194 1082 1255 motus,

286 1283 389 1344 ecdem
400 1285 596 1360 spectantibus
609 1284 712 1356 oculis,
726 1283 848 1342 decebit
890 1283 955 1340 162.
975 1281 1007 1338 N
1009 1299 1086 1338 arra·

286 1380 328 1440 tic
342 1381 585 1459 magia'prolatum
598 1399 725 1451 manum,
740 1380 877 1438 amictum
890 1378 1084 1451 recidentem,

288 1488 400 1556 gestum
414 1478 591 1549 distinctum,
604 1495 706 1534 vocem
725 1476 851 1534 sermoni
870 1475 1039 1552 proximam,
1054 1483 1089 1531 et

287 1583 399 1632 tautum
419 1573 567 1644 acriorem,
588 1590 691 1630 sonum
710 1571 872 1648 simplicem
892 1571 1086 1647 frequentissi-

287 1687 334 1728 me
347 1667 510 1744 postulabit,
524 1667 555 1726 in
569 1667 614 1726 his
628 1668 774 1740 duntaxat,
789 1667 828 1736 Q.
842 1669 915 1726 enim
927 1669 1084 1745 Ligarius,

288 1784 349 1824 utu
374 1773 444 1822 esset
463 1765 495 1822 iu
514 1763 625 1840 Africo
643 1764 726 1822 nullu
745 1764 811 1824 belli
828 1766 962 1842 suspicio,
982 1775 1021 1837 ct,
1042 1765 1083 1824 A.

290 1860 437 1920 Cluentius
470 1861 601 1920 Habitus
632 1870 723 1939 poter
754 1861 876 1939 hujusce.
929 1862 1018 1920 Aliud
1052 1862 1085 1920 in

288 1959 388 2020 cadam
401 1970 521 2036 poscent
534 1961 662 2033 affectus,
677 1959 721 2018 rel
735 1960 883 2033 conchati,
896 1960 993 2018 Nubit
1001 1979 1086 2036 geae-

288 2076 321 2116 ro
331 2075 447 2123 coenus
468 2058 512 2116 vel
526 2057 644 2131 flebiles,
661 2058 856 2116 Constituitur·
873 2059 906 2115 iu
915 2056 988 2134 foro
1007 2058 1087 2116 Lao·

289 2154 374 2214 duee
387 2155 576 2232 spectaculum
590 2154 719 2212 acerbum
732 2163 760 2213 et
777 2155 908 2214 asismat
927 2155 982 2212 toti
1001 2155 1086 2214 Atio

289 2251 455 2328 prouinciae.
511 2251 577 2310 163.
608 2249 737 2309 Maxime
762 2251 841 2310 varia
873 2261 903 2309 et
935 2251 1086 2327 multiplex

290 2347 367 2406 actio
380 2357 423 2404 est
435 2347 642 2422 probationum.
684 2347 715 2404 N
717 2366 762 2404 am
775 2363 805 2405 et
817 2366 985 2424 proponere,
999 2348 1087 2423 parti·

288 2441 324 2513 ri,
339 2443 524 2518 interrogare,
539 2441 664 2500 sermoni
684 2453 752 2500 aunt
771 2445 910 2518 proxima,
923 2455 954 2503 et
972 2455 1087 2503 conua-

289 2537 445 2596 dicticnem
458 2555 578 2596 sumere.
619 2537 698 2596 Nam
710 2557 746 2596 ea
758 2558 871 2615 quoqne
891 2541 1002 2600 diversa
1019 2561 1087 2618 pro-

288 2633 393 2710 positio
403 2643 453 2694 est
488 2633 544 2692 Sed
560 2633 634 2692 banc
647 2643 743 2692 tamen
757 2635 910 2711 aliquando
923 2638 1085 2711 irridentes,

291 2732 443 2808 aliquando
463 2730 607 2790 imitantes
628 2732 860 2806 pronunciamus
903 2736 969 2793 164.
990 2737 1087 2812 Argu·

290 2830 428 2888 mentatio
441 2829 606 2905 plerumque
620 2827 732 2905 agilior,
746 2839 776 2888 et
789 2830 893 2903 acrior,
906 2842 936 2889 et
956 2832 1086 2890 instanti·

290 2942 334 2996 cr,
349 2925 574 2984 consentientem
588 2925 711 2984 orationi
723 2927 848 3002 postulat
861 2928 947 2986 etiam
960 2940 1082 3006 gestum,

290 3019 385 3092 idest,
398 3021 498 3080 sortem
512 3022 693 3082 celeritatem
733 3023 901 3083 instandum
914 3026 1083 3101 quibusdam
1184 3060 1185 3067 κ

291 3115 322 3174 in
334 3117 470 3192 pertibus,
485 3131 514 3176 et
526 3118 672 3178 densanda
684 3120 783 3179 oratic.
824 3121 1010 3199 Egressiones
1022 3121 1083 3179 fere
1184 3184 1185 3189 χ

291 3223 321 3272 et
339 3213 428 3285 lenes,
442 3223 471 3271 ot
490 3215 597 3288 dulctn,
611 3226 641 3274 et
663 3217 798 3289 remissa,
811 3227 913 3294 ruptus
932 3217 1083 3294 Proserpi·
1184 3208 1185 3271 i

290 3327 346 3385 u.
359 3309 640 3392 mauram,
655 3313 938 3394 munaum·
976 3314 1090 3393 uene
