2675 4009
475 589 558 637 mss.
577 588 715 636 curros.
730 587 791 636 ura.
807 587 838 636 x.
857 589 877 634 1.
1051 576 1072 636 9
1115 595 1117 602 ·

281 749 329 799 aut
345 739 409 817 plus
431 739 596 810 efficientia,
610 747 659 796 aut
682 735 785 796 melius
807 735 948 806 sonantia,
967 734 1073 792 debent

280 855 342 895 esse
368 855 426 894 non
452 836 545 894 solum
570 845 640 893 notu
665 836 772 902 omnia,
799 835 850 892 sed
884 834 913 892 in
947 841 1072 907 promtu,

281 943 374 1008 atque,
398 943 430 990 ut
453 932 493 990 ita
519 932 623 1004 dicam,
644 932 674 990 in
702 941 869 1006 conspectu,
890 939 932 1001 ut,
949 947 1016 986 cum
1043 944 1073 984 se

277 1029 388 1106 judicic
402 1029 525 1086 dicentis
538 1028 725 1100 ostenderint,
740 1027 832 1086 facilis
847 1045 882 1084 ex
896 1027 941 1084 his
954 1024 1074 1100 optimc-

280 1145 344 1184 rum
365 1126 403 1183 sit
422 1105 565 1211 electioQ
585 1127 612 1182 7.
634 1125 673 1182 Et
694 1145 757 1200 quae
782 1124 858 1182 idem
879 1123 1074 1200 significarent

280 1222 381 1280 solitos
402 1221 463 1278 scio
488 1221 626 1291 ediscere,
644 1239 702 1294 quo
726 1221 838 1278 facilius
862 1230 890 1278 et
910 1227 1075 1277 occurreret

280 1336 370 1376 unum
390 1336 425 1375 ex
442 1317 581 1393 pluribus,
595 1326 633 1388 et,
655 1335 722 1374 cum
743 1327 835 1374 essent
856 1317 900 1373 usi
925 1316 1029 1391 aliquo,
1050 1314 1075 1372 si

281 1417 366 1476 breve
379 1415 453 1472 intra
467 1415 589 1491 spatium
603 1433 702 1471 rursus
713 1413 930 1484 desideraretur,
939 1413 1076 1490 effugien-

280 1512 325 1570 dre
346 1511 524 1586 repetitionis
536 1511 629 1590 gretie
649 1519 795 1570 sumerent
818 1509 904 1580 aliud,
920 1527 977 1583 quo
999 1509 1076 1566 idem
1144 1503 1148 1522 ¹

281 1607 402 1685 intelligi
427 1618 531 1684 posset.
570 1607 661 1669 Quod
689 1625 756 1666 cum
781 1616 825 1664 est
850 1605 960 1681 puerile
980 1615 1008 1662 et
1029 1623 1077 1662 cu·

284 1703 399 1781 jusdam
419 1704 542 1762 infelicis
562 1723 665 1780 opere,
680 1714 741 1762 turn
763 1704 849 1762 etiarn
870 1703 940 1761 utile
959 1721 1075 1778 parum:

280 1801 394 1860 turbam
414 1801 492 1859 enirn
512 1801 599 1858 modo
620 1811 787 1878 congregat,
803 1819 839 1858 ex
859 1819 917 1876 qua
940 1800 1003 1858 sine
1021 1799 1078 1857 dis·

281 1897 403 1957 erimine
416 1908 539 1974 occupet
551 1898 713 1974 proximum
728 1898 869 1973 quodque.

319 1997 348 2054 8.
376 1995 470 2054 Nobis
484 2007 579 2055 autem
592 1998 674 2073 copia
688 2015 749 2054 cum
753 1996 869 2072 judicio
881 1997 1010 2073 paranda
1024 2004 1076 2068 est,
1106 1993 1114 2002 ”
1164 2063 1166 2070 ,

282 2091 341 2150 rim
353 2094 464 2164 orandi,
478 2113 537 2150 non
551 2093 763 2150 circulatoriam
777 2093 984 2150 volubilitatem
999 2111 1078 2168 spec-
1120 2074 1125 2138 f

281 2187 417 2248 tentibus.
458 2187 493 2244 Id
508 2198 602 2244 autem
616 2205 825 2262 consequemur
844 2189 950 2264 optima
964 2188 1078 2263 legendo
1104 2255 1127 2271 ψ

282 2293 369 2362 arque
382 2282 531 2342 audiendo.
572 2282 642 2340 Non
664 2282 743 2340 enim
761 2283 854 2341 solum
878 2283 996 2342 nomina
1017 2285 1080 2360 ipsa
1119 2307 1124 2312 ·

282 2399 378 2439 rerum
402 2397 610 2457 cognoscemus
628 2379 684 2437 bec
704 2397 783 2452 cura,
805 2380 856 2438 sed
876 2380 924 2438 cui
945 2381 1078 2456 quodque

281 2477 348 2536 loco
373 2477 411 2534 sit
438 2477 633 2553 aptissimum.¹
682 2477 710 2535 9.
739 2476 882 2536 Omnibus
915 2478 992 2536 enim
1019 2479 1078 2536 sere

282 2575 386 2647 verbis,
399 2587 501 2650 praeter
515 2594 617 2651 pauca,
632 2594 695 2651 quae
710 2585 775 2634 sunt
789 2565 891 2652 parurn
905 2578 1077 2649 verecunda,

283 2671 314 2730 iu
334 2671 462 2729 oratione
481 2671 563 2729 locus
589 2682 639 2729 est.
681 2671 759 2729 Nam
785 2672 936 2748 scriptores
963 2673 1078 2747 quidem

283 2767 443 2826 iamborum
470 2768 629 2842 veterisque
656 2767 803 2826 comoedire
839 2769 925 2826 etiam
959 2769 988 2826 in
1022 2769 1079 2827 illis

284 2882 359 2940 sepe
372 2863 540 2921 laudantur:
561 2863 612 2921 sed
625 2863 709 2920 nobis
723 2873 851 2921 nostrum
872 2883 943 2940 opus
964 2865 1079 2923 interim

285 2961 360 3018 tueri
377 2971 421 3018 sat
442 2970 494 3018 est.
534 2958 643 3018 Omnia
657 2961 753 3032 verba,
772 2961 899 3036 exeeptis
917 2961 953 3018 de
975 2962 1079 3038 quibus

286 3053 355 3126 dixi,
369 3068 435 3115 sunt
456 3057 562 3114 alicubi
582 3056 705 3132 optima:
727 3075 794 3114 narn
814 3066 842 3114 et
863 3057 1018 3116 humilibus
1038 3057 1080 3116 irr-

285 3151 370 3209 terim
396 3163 425 3210 et
450 3153 614 3230 vulgaribus
641 3171 723 3228 opus,
745 3162 774 3211 et
800 3172 863 3228 quse
891 3154 1025 3212 nitidiore
1047 3154 1078 3211 in

284 3256 367 3324 parte
392 3247 523 3308 videntur
549 3249 673 3321 sordida,
695 3249 744 3307 ubi
771 3267 817 3306 res
842 3249 945 3325 poscit,
965 3247 1079 3324 proprie

286 3343 431 3416 dicuutur.
473 3345 518 3404 10.
539 3344 614 3404 Haec
629 3355 662 3404 ut
669 3321 806 3420 sciamus,
815 3355 899 3422 atque
909 3361 1009 3404 eorum
1020 3361 1079 3404 non
