2675 4009
457 601 538 650 rusa.
557 603 696 650 ouavoa
716 601 777 652 tm.
796 605 840 653 ar.
857 606 880 652 a.
1011 598 1068 658 rut

170 755 174 762 '
270 752 473 832 sunjungens,
495 753 621 812 remissis
641 754 755 828 ceteris,
776 765 868 814 estet
889 756 1067 832 approbanti·

269 849 332 923 bus,
353 861 382 908 et
407 850 598 920 narrantibus,
619 860 648 908 et
674 851 915 930 distinguentibus
935 853 1064 911 decorus.

270 947 335 1006 102.
357 947 415 1004 Cui
438 965 497 1003 non
524 946 680 1019 dissimilis,
701 948 752 1005 sed
778 950 949 1026 compressis
974 950 1066 1007 tribus

267 1043 375 1121 digitis,
390 1061 447 1119 quo
461 1061 539 1099 nuuc
552 1044 648 1101 Greci
661 1045 815 1120 plurimum
834 1057 963 1119 utuntur,
978 1046 1066 1104 etiam

266 1149 388 1216 utraque
414 1157 510 1210 manu,
531 1140 643 1214 quoties
669 1141 880 1217 enthymemata
905 1161 958 1200 sua
982 1153 1065 1220 gestu

266 1235 345 1296 velut
359 1235 572 1294 corrotundant.
614 1236 719 1293 caesim
731 1255 831 1294 manus
844 1238 936 1296 lenior
947 1241 1066 1316 promit·

266 1331 301 1389 tit
315 1341 344 1389 et
358 1343 524 1404 assentatur,
540 1333 653 1390 citatior
673 1333 810 1404 hortatur,
825 1334 937 1391 interim
958 1337 1064 1394 laudat.

267 1427 320 1486 Est
347 1438 376 1485 et
403 1428 451 1486 ille
478 1429 606 1506 urgentis
632 1430 791 1486 orationem
817 1439 915 1507 gestus
941 1431 1065 1508 vulgaris

265 1525 367 1602 magis,
383 1545 468 1602 quam
481 1545 516 1584 ex
532 1539 601 1599 arte,
616 1527 665 1602 qui
679 1527 823 1584 contrahit
837 1527 947 1584 alterno
966 1528 1065 1585 celeri·

264 1639 321 1698 que
347 1632 426 1680 motu
446 1635 475 1681 et
495 1624 619 1700 explieat
639 1641 763 1681 manum.
807 1624 871 1682 103.
893 1623 946 1681 Est
965 1634 995 1682 et
1014 1623 1064 1682 illa

263 1737 335 1780 cava
360 1733 389 1778 et
408 1739 482 1788 rara,
504 1731 532 1778 et
552 1739 637 1797 supra
656 1721 768 1779 humeri
790 1721 968 1779 altitudinem
989 1721 1064 1780 elata

264 1833 331 1872 cum
359 1816 482 1891 quodam
508 1829 588 1874 motu
614 1818 692 1874 velut
718 1817 856 1875 hortatrix
881 1837 991 1875 manus.
1033 1817 1062 1876 A

263 1913 421 1987 peregrinis
442 1913 547 1969 scholis
566 1923 661 1969 tamen
683 1931 770 1988 prope
795 1923 911 1988 recepta
929 1915 1061 1986 tremula,

264 2008 380 2072 scenica
407 2018 457 2066 ert.
499 2008 623 2084 Digitos,
645 2027 712 2064 curn
732 2009 836 2066 summi
864 2009 1004 2081 coierunt,
1026 2009 1062 2067 ad

263 2121 316 2162 nos
336 2103 450 2175 tellerre,
472 2123 523 2161 cur
550 2105 720 2179 quibusdam
746 2104 933 2180 displicuerit,
954 2105 1061 2164 nescio.

263 2199 340 2260 Nam
362 2201 391 2258 id
412 2211 440 2258 et
459 2201 558 2258 leviter
580 2200 761 2272 admirantes,
783 2210 812 2258 et
832 2201 946 2258 interim
966 2201 1062 2260 subita

263 2297 471 2375 indignatione,
492 2297 569 2355 velut
593 2307 788 2374 pavescentes,
808 2307 838 2356 et
864 2297 1061 2374 deprecantes,

262 2395 392 2455 iacimus.
436 2395 500 2453 104.
520 2394 605 2457 Quin
625 2412 817 2470 compressam
836 2395 924 2453 etiarn
944 2412 1061 2455 manum

261 2493 292 2552 in
312 2491 480 2570 poenitentia
492 2491 537 2550 vel
552 2492 594 2550 ira
607 2491 718 2568 pectori
733 2493 926 2566 admovemus,
941 2494 992 2552 ubi
1005 2511 1061 2553 vox

261 2591 305 2648 vel
321 2591 395 2648 inter
409 2589 508 2646 dentes
522 2607 655 2665 expressa
667 2607 726 2646 non
739 2589 870 2661 dedecet,
889 2590 974 2658 Quid
984 2609 1059 2648 nunc

262 2689 373 2761 agam
418 2685 502 2753 Quid
517 2684 643 2762 focius?
685 2684 798 2743 Averso
816 2685 924 2761 pollice
944 2686 1061 2742 demon·

263 2791 352 2839 strare
367 2780 499 2855 aliquem,
513 2791 660 2857 receptum
673 2781 765 2857 magis
777 2791 856 2855 puto,
871 2797 956 2854 quam
969 2789 1060 2837 orato·

263 2877 289 2934 ri
316 2876 461 2933 decorum.
505 2877 569 2934 105.
591 2878 649 2935 Sed
677 2895 744 2934 cum
770 2876 864 2933 omnis
889 2885 984 2933 motus
1009 2894 1060 2936 sex

262 2981 358 3050 partes
378 2971 490 3043 habeat,
511 2973 648 3048 septimus
667 2973 705 3030 sit
725 2973 783 3044 ille,
805 2972 903 3047 quiin
924 2989 955 3030 se
974 2974 1058 3047 redit,

264 3067 351 3139 orbis,
365 3067 467 3126 vitiosa
487 3077 530 3125 est
549 3087 607 3126 una
626 3069 844 3126 circumversio:
865 3067 977 3144 reliqui,
993 3081 1059 3128 ante

264 3180 328 3234 nos,
340 3171 369 3220 et
382 3162 480 3220 dextra
492 3162 627 3237 levaque,
641 3174 671 3222 et
683 3180 795 3221 sursum
809 3172 838 3220 et
857 3162 990 3221 deorsum
1010 3163 1059 3221 ali·

265 3258 334 3334 qaid
347 3259 517 3317 ostendunt:
538 3259 569 3316 in
589 3260 746 3336 posteriora
765 3269 863 3336 gestus
881 3277 940 3318 non
959 3258 1058 3335 dirigi·

264 3365 319 3416 tur.
360 3354 479 3416 interim
491 3365 588 3415 mmen
601 3356 679 3416 velut
691 3356 772 3434 rejici
790 3357 870 3416 solet
912 3355 979 3428 106,
997 3353 1058 3432 Op·

501 3452 564 3516 12*
