2675 4009
283 555 341 618 1ae
504 563 539 612 u.
558 563 627 612 aun.
647 563 854 620 numanum

280 713 350 772 timo
377 725 471 774 autom
497 733 598 772 munus
625 731 642 772 a
667 713 782 772 ainiun
806 723 888 790 putta
913 712 1024 790 incipit,
1044 712 1077 776 itt

178 805 186 820 ’
281 809 380 869 dextra
405 811 571 887 deponitur:
605 810 657 868 aed
684 821 716 868 ut
741 810 820 886 poni,
846 829 906 868 non
932 820 964 868 ut
990 808 1076 867 ferire

280 891 428 966 videatur:
449 925 611 982 quanquam
630 917 660 966 ot
681 907 712 965 in
731 907 788 966 fine
807 906 921 966 interitu
942 907 1029 977 ondit,
1042 916 1076 966 ut

280 1003 339 1062 nito
365 1014 460 1060 tamen
486 1003 599 1062 redeat:
626 1013 656 1062 et
682 1023 886 1079 nonnunquam
912 1002 1004 1061 resilit
1029 1002 1073 1060 uel

279 1099 450 1175 negantibus
463 1100 556 1172 nobis,
571 1100 615 1158 vel
630 1101 843 1160 admirantibus.
884 1097 944 1158 Hic
964 1109 1073 1156 veterna

277 1194 403 1252 milioao
431 1195 501 1254 illud
528 1207 607 1254 recte
635 1197 810 1273 adjecerunt,
830 1205 863 1254 ut
887 1215 986 1253 nouus
1012 1214 1073 1254 caut

277 1309 359 1350 sautu
379 1300 406 1350 et
426 1294 572 1370 inciperet,
587 1301 613 1351 et
626 1293 816 1370 deponeretur.
856 1291 975 1368 Alioqui
994 1292 1072 1350 enim

278 1398 328 1446 aut
340 1399 406 1448 nuta
419 1407 518 1448 vocem
534 1390 587 1448 erit
599 1399 707 1466 gestus,
721 1399 769 1446 aut
781 1399 846 1464 post
859 1407 975 1447 vonum:
995 1388 1074 1464 quod

276 1496 320 1544 eat
340 1497 491 1563 utrumque
511 1486 646 1544 deforme.
689 1487 753 1542 107.
774 1483 810 1542 In
830 1485 880 1544 illo
899 1485 971 1561 lapsi
984 1485 1073 1544 nimia

276 1582 433 1640 subtilitate
446 1591 521 1651 sunt,
536 1581 612 1656 quod
626 1581 805 1638 intervallum
817 1593 912 1640 motus
923 1582 978 1640 tria
987 1582 1072 1643 verba

276 1693 338 1736 atae
364 1677 531 1734 voluerunt:
559 1676 635 1750 quod
661 1694 756 1751 noque
782 1677 957 1748 observatur,
977 1697 1071 1754 nequo

275 1771 337 1831 deri
362 1783 472 1848 potent:
500 1773 550 1831 aed
579 1773 620 1830 illi
640 1773 722 1848 quasi
742 1792 905 1831 mensurum
930 1775 1071 1834 tarditatis

275 1868 486 1946 eeleritatisquo
523 1870 647 1946 aliquam
680 1888 744 1928 asso
776 1870 943 1928 voluerunt:
976 1891 1072 1948 neque

274 1965 426 2039 immerito,
447 1985 484 2026 ne
512 1977 560 2026 aut
585 1967 635 2024 diu
661 1967 752 2026 otiosa
778 1977 853 2025 asset
880 1985 989 2040 matina,
1011 1979 1071 2042 aut,

274 2063 350 2139 quod
384 2063 464 2123 multi
498 2063 615 2134 fodiunt,
645 2063 786 2122 attiomut
820 2063 958 2120 continuo
990 2077 1072 2124 motu

273 2160 467 2218 conciderent.
510 2161 574 2218 108.
595 2160 686 2218 Aliud
699 2171 751 2231 est,
766 2160 842 2235 quod
854 2170 884 2218 et
897 2159 928 2218 fit
941 2160 1072 2236 frequen-

273 2256 332 2312 tius
344 2267 373 2314 ot
387 2257 477 2332 magio
491 2256 580 2313 fallit:
602 2267 668 2314 auat
681 2256 811 2330 quaedam
825 2255 945 2314 latente·
964 2275 1072 2316 aermo-

272 2353 317 2410 uio
337 2352 544 2426 percussiones,
565 2361 595 2408 et
614 2352 696 2426 qnasi
717 2351 803 2426 aliqui
822 2352 920 2426 pedes,
941 2352 977 2410 ad
996 2373 1072 2429 quoa

271 2446 457 2522 plurimorum
485 2457 582 2521 gestus
609 2446 706 2504 uadit:
740 2456 772 2504 ut
797 2446 835 2504 ait
861 2467 937 2506 unus
962 2460 1070 2523 motus,

271 2541 383 2600 Nouum
395 2542 498 2600 crimea
506 2561 517 2606 ‚·
539 2541 619 2610 alter,
632 2541 665 2600 0.
682 2541 801 2606 Cesar,-
821 2544 932 2615 tertius,
942 2545 988 2603 Et
1001 2555 1071 2608 mue

271 2639 344 2698 lutto
358 2638 448 2705 diona,-
472 2648 598 2716 quartus,
612 2638 681 2696 Nou
693 2638 843 2705 auditom‚·
864 2639 978 2713 deinde,
991 2642 1071 2702 Pro·

269 2737 396 2814 piuqaus
416 2753 509 2802 meua:
530 2745 568 2804 et,
583 2733 635 2792 Ad
653 2742 702 2800 te:
723 2744 762 2806 et,
779 2734 909 2804 Quintus
936 2737 1068 2806 uttam,-

271 2842 309 2903 οἳ,
329 2833 453 2892 Detulit.
496 2832 561 2892 109.
581 2831 664 2890 Unde
684 2830 714 2888 id
733 2828 848 2907 quo'que
867 2831 929 2890 iluit
955 2833 1069 2908 vitium,

271 2937 303 2986 ut
327 2928 455 3004 juvenes,
476 2947 543 2986 oum
569 2927 708 3000 scribunt,
732 2941 843 3005 gestum
869 2931 1070 3004 proemodulati

270 3023 444 3100 cogitatione
464 3025 507 3083 sio
527 3033 709 3100 componant,
723 3025 867 3099 quomodo
887 3045 988 3084 oaaura
1007 3047 1069 3085 ma-

269 3135 325 3178 nua
344 3128 395 3178 nat.
435 3119 508 3178 Inde
528 3131 558 3180 et
577 3120 647 3178 illud
668 3119 778 3192 vitium,
792 3130 824 3178 at
843 3131 949 3197 gestus,
963 3122 1014 3198 qui
1033 3123 1067 3183 in

269 3215 326 3274 dna
351 3214 449 3274 dexter
474 3233 538 3274 aoso
564 3216 657 3287 debet,
679 3215 710 3274 ia
734 3215 881 3274 sinistrum
901 3217 1067 3293 frequentet

267 3312 388 3376 duim
430 3311 494 3372 11st
515 3311 623 3372 Melina
637 3312 719 3386 illud,
732 3312 914 3372 oumaintin
932 3333 1067 3397 sermono
