2675 4009
452 593 876 642 1111.1111ὀ1.111.111.1
1005 584 1058 642 111

264 741 361 802 mimo
374 742 459 802 rebus
472 742 551 818 ipsis,
564 742 725 800 libertatem
738 741 793 800 sibi
803 741 958 816 eloquendi
979 741 1063 800 relin-

264 857 360 914 quere.
410 840 458 898 49.
486 838 564 896 Nam
590 849 619 896 et
645 839 751 896 inritus
770 839 864 914 perdit
883 838 1002 913 quisque
1022 838 1061 908 id,

263 936 342 1010 quod
355 936 490 1012 elegerat,
504 936 639 994 verbum:
660 955 717 993 nec
737 935 822 992 facile
841 935 953 1011 reponit
974 934 1060 1005 aliud,

262 1031 334 1090 dum
361 1031 400 1103 id,
421 1031 497 1106 quod
524 1031 686 1106 scripserat,
706 1032 815 1106 quaerit
857 1031 916 1089 Sed
942 1049 979 1089 ue
1006 1031 1062 1088 hoc

262 1127 381 1202 quidem
402 1127 520 1184 infirmae
540 1127 685 1184 memoriae
703 1127 861 1185 remedium
881 1137 934 1198 est,
955 1127 1011 1186 nisi
1031 1127 1062 1184 iu

264 1222 311 1290 iis,
326 1221 376 1296 qui
393 1221 448 1280 ribi
472 1222 635 1281 facultatem
656 1222 779 1296 aliquam
799 1223 914 1280 dicendi
934 1242 969 1281 ex
993 1234 1062 1282 tem·

263 1336 335 1394 pore
344 1329 521 1396 paraverunt
560 1318 651 1380 Quod
664 1319 690 1376 si
703 1319 752 1375 oui
766 1329 917 1394 utrumque
930 1320 1061 1392 defuerit,

266 1414 335 1474 huie
355 1415 487 1474 omittere
507 1415 625 1474 omuino
644 1425 738 1473 totum
759 1415 903 1472 actionum
924 1416 1061 1489 laborem,

263 1511 290 1570 si
316 1511 385 1587 quid
412 1511 442 1570 in
469 1511 570 1570 litteris
597 1511 681 1583 valet,
702 1511 739 1568 ad
764 1511 948 1569 scribendum
967 1512 1063 1587 potius

262 1607 391 1666 suadebo
417 1618 590 1666 convertere
644 1607 705 1666 Sed
731 1607 795 1666 heo
819 1626 884 1666 1111
910 1606 1063 1666 infelicitas

261 1701 327 1761 erit.
774 1685 779 1690 ’

301 1803 350 1862 50.
372 1801 508 1860 Ceterum
521 1812 659 1878 quantum
679 1812 781 1860 natura
800 1802 951 1876 studioque
970 1802 1062 1860 valeat

264 1898 413 1969 memoria,
433 1899 477 1956 vel
504 1898 717 1956 Themistocles
743 1897 835 1970 testis,
862 1916 947 1972 quem
973 1916 1061 1956 uuum

265 1992 341 2052 iutra
355 2013 461 2052 annum
474 1994 580 2070 optime
590 1994 719 2050 locutum
730 2012 792 2052 esse
805 1993 922 2051 Persice
935 2005 1061 2052 constat:

264 2089 309 2148 vel
325 2088 517 2160 Mithridates,
531 2089 580 2146 oui
594 2089 665 2146 duas
685 2099 714 2146 et
733 2089 834 2165 viginti
856 2089 979 2165 linguas,
994 2099 1063 2164 quot

265 2185 431 2244 nationibus
452 2186 618 2262 imperabat,
639 2185 760 2242 traditur
777 2196 863 2242 notas
883 2185 989 2242 fuisse:
1017 2185 1061 2242 rel

263 2283 388 2342 Crassus
402 2283 450 2342 ille
463 2282 552 2354 dives,
567 2283 626 2358 qui,
641 2301 708 2340 cum
722 2281 801 2340 Asiae
821 2292 965 2357 praeesset,
981 2282 1062 2357 quin·

263 2399 321 2456 que
333 2380 430 2438 Graeci
442 2380 583 2438 sermonis
597 2379 772 2436 differentias
784 2379 827 2436 sic
840 2379 942 2449 tenuit,
954 2389 995 2451 ut,
1005 2397 1062 2454 qua

264 2477 385 2552 quisque
401 2477 475 2552 apud
495 2496 562 2534 eum
582 2476 683 2552 lingua
702 2475 881 2551 postulasset,
897 2475 998 2534 eadem
1014 2476 1061 2551 jus

263 2574 319 2632 sibi
339 2574 483 2632 redditum
503 2573 604 2632 ferret:
632 2573 676 2630 vel
697 2573 800 2647 Cyrus,
821 2591 906 2647 quem
932 2572 1060 2629 omnium

264 2669 389 2728 militum
402 2670 528 2728 tenuisse
542 2669 682 2727 creditum
691 2680 735 2725 est
744 2668 869 2726 nomina
908 2669 957 2726 51.
977 2667 1060 2729 Quin

263 2765 350 2822 semel
374 2765 486 2822 auditos
507 2765 663 2839 quamlibet
684 2764 788 2820 multos
808 2782 905 2820 versus
931 2762 1060 2837 protinus

262 2859 369 2918 dicitur
383 2861 541 2918 reddidisse
553 2861 744 2918 Theodectes.
786 2858 963 2918 Dicebantur
973 2858 1059 2916 etiam

264 2975 343 3014 nuno
370 2975 442 3028 esse,
463 2956 512 3031 qui
533 2957 668 3026 facerent,
689 2957 739 3014 sed
760 2956 830 3012 mihi
851 2974 1006 3030 nunquam,
1027 2968 1058 3014 ut

265 3053 326 3129 ipse
346 3053 522 3124 interessem,
550 3054 689 3130 contigit:
717 3053 848 3110 habenda
873 3063 969 3112 tamea
988 3054 1058 3112 fides

262 3160 308 3208 est
320 3150 363 3208 vel
378 3150 407 3208 in
421 3150 486 3223 hoo,
500 3160 542 3221 ut,
556 3151 604 3225 qui
618 3150 782 3222 crediderit,
796 3161 824 3208 et
838 3160 939 3226 speret

300 3343 356 3404 111.
383 3344 594 3406 Proauariutio
622 3365 639 3406 a
662 3347 806 3423 plerisque
838 3346 914 3404 actio
939 3343 1054 3418 dicitur,
