2675 4009
443 599 525 648 nisu.
544 597 682 646 omma.
702 597 763 644 ma.
782 597 816 645 r:
834 599 854 644 1.
1007 585 1049 648 23

252 749 410 825 preferant.
451 751 499 808 65.
520 749 650 826 Antiqua
662 735 805 808 eomedit
819 767 886 806 eum
906 748 1047 806 sineeram

253 845 329 904 illam
344 847 483 904 sermonis
497 847 589 902 Attici
603 847 724 922 gratiam
744 863 832 922 prope
853 846 914 902 sola
934 845 1046 916 retinet,

252 953 313 1001 turn
333 943 543 1001 facundissimae
564 943 713 1015 libertatis,
734 943 787 1000 etsi
811 953 854 1000 est
873 941 1048 999 insectandis

251 1039 328 1096 vitiis
339 1040 495 1115 praecipua,
508 1039 664 1112 plurimum
678 1049 773 1096 tamen
787 1039 889 1096 virium
910 1039 996 1096 etiam
1017 1037 1048 1094 in

252 1135 356 1193 eeteris
386 1134 516 1211 partibus
549 1134 642 1192 babet
696 1135 773 1192 Nam
806 1145 835 1192 et
868 1135 992 1212 grandis,
1019 1143 1049 1191 et
1102 1163 1104 1166 ·

252 1232 378 1308 elegans,
405 1240 434 1288 et
461 1240 596 1288 venusta:
624 1241 653 1287 et
679 1231 779 1288 neseio
806 1251 841 1288 an
868 1232 955 1302 nulla,
983 1239 1049 1307 post

253 1327 413 1386 Homerum
439 1337 545 1398 tamen,
573 1345 669 1402 quem,
697 1335 729 1383 ut
756 1328 909 1399 Achillem,
937 1346 1048 1430 semper

252 1424 347 1498 exeipi
359 1442 410 1499 par
427 1434 480 1494 est,
496 1434 544 1480 aut
563 1423 684 1480 similior
703 1422 740 1480 sit
760 1424 929 1495 oratoribus,
944 1430 992 1480 aut
995 1405 1048 1480 ad

245 1531 379 1578 oratores
392 1520 539 1578 faciendos
554 1521 653 1597 aptior.
693 1521 741 1608 66,
763 1520 902 1578 Plures
878 1539 940 1596 ejus
953 1529 1049 1577 auoto-

251 1635 313 1676 res:
334 1618 542 1694 Aristophanes
562 1628 669 1689 tamen,
691 1628 720 1675 et
740 1617 874 1694 Eupolis,
898 1617 1049 1674 Cratinus·

251 1731 308 1788 que
339 1714 486 1790 praecipui.
540 1714 711 1791 Tragoedias
744 1715 868 1790 primum
895 1713 926 1771 iu
952 1714 1049 1771 lueem

252 1809 412 1886 AEscltylus
431 1811 559 1886 protulit,
580 1811 711 1868 sublimis
732 1821 760 1868 et
786 1811 889 1888 gravis,
911 1821 939 1868 et
966 1829 1049 1888 gran-

170 1902 172 1906 ’
252 1907 384 1982 diloquus
398 1909 473 1982 saepe
487 1925 576 1982 usque
590 1907 627 1964 ad
646 1907 757 1978 vitium,
772 1908 822 1964 sed
843 1907 949 1964 rudis
942 1927 971 1964 ιιι
991 1908 1112 2037 ple-,vj

252 2003 348 2077 risque
367 2013 396 2060 et
416 2003 640 2078 incompositus:
666 2014 781 2078 propter
801 2005 878 2079 quod
905 1961 1155 2127 οοιιεοιιιιἫ
1115 2047 1131 2089 ι

253 2099 315 2175 ejus
341 2098 484 2155 fabulas'
477 2117 508 2154 ιιι
535 2108 681 2156 oertamen
708 2099 818 2155 deferre
843 2099 1155 2188 ιιοιιειίοιίῑιιιιιΜ(

251 2195 347 2273 poetis
366 2193 559 2252 Athenienses
578 2193 743 2269 permisere,
765 2205 887 2268 suntque
908 2213 943 2251 eo
963 2194 1095 2251 modo

251 2292 335 2350 multi
349 2290 487 2348 coronati.
528 2291 576 2348 67.
598 2290 657 2347 Sed
670 2289 756 2367 longe
771 2289 875 2348 elarius
895 2290 1051 2348 illustrave-

251 2398 320 2446 runt
333 2388 390 2445 boo
399 2407 472 2464 opus
481 2387 629 2464 Sopboules
641 2397 725 2461 atque
735 2385 913 2464 Euripides:
927 2407 1049 2464 quorum

253 2484 283 2542 in
296 2483 532 2560 disparidieendi
545 2484 592 2541 via
605 2493 668 2540 uter
689 2484 725 2542 sit
744 2489 831 2561 poeta
851 2485 960 2557 melior,
975 2486 1050 2542 inter

252 2581 391 2657 plurimos
404 2578 549 2655 queritur.
590 2579 682 2655 quue
696 2599 750 2657 ego
764 2600 842 2652 sane,
857 2582 993 2656 quoniam
1014 2569 1050 2638 ad

252 2687 422 2753 presentem
447 2677 597 2734 materiam
615 2676 687 2733 nihil
707 2677 839 2752 pertinet,
860 2677 1050 2752 injudicatum

253 2774 392 2848 relinquo.
433 2773 508 2831 Illud
522 2773 638 2848 quidem
651 2791 738 2830 nemo
751 2791 809 2830 non
821 2773 943 2830 fateatur
952 2793 1051 2832 neees-

254 2887 287 2926 se
299 2880 351 2942 est,
366 2870 411 2942 iis,
426 2870 476 2945 qui
496 2889 527 2928 se
548 2870 583 2926 ad
605 2868 747 2945 agendum
768 2879 942 2944 comparant,
957 2870 1051 2928 utilio·

254 2965 415 3042 remlouge
428 2966 489 3023 fore
503 2965 680 3040 Euripidem.
721 2966 767 3023 66.
790 2965 945 3041 Namque
938 2987 963 3024 ιι
977 2975 1005 3025 et
1020 2967 1050 3024 in
1077 3032 1080 3040 ff

254 3061 486 3168 sermofflqu
454 3062 524 3134 od,¹
496 3080 610 3164 ipsum
629 3062 851 3138 reprehendunt,
865 3064 969 3138 quibus
989 3083 1051 3142 gra·
1106 3047 1108 3054 ¹

255 3158 328 3215 vitas
342 3166 371 3214 et
385 3083 561 3216 eoibirrnutl
554 3169 583 3216 et
596 3177 683 3216 sonus
698 3159 849 3236 Sophoelis
862 3161 973 3219 videtur
987 3179 1050 3220 esse

255 3254 418 3333 sublimior)
432 3256 523 3332 magis
538 3256 649 3314 ueeedit
666 3256 790 3314 oratorio
803 3258 918 3334 generi:
940 3267 969 3314 et
989 3275 1051 3314 sen·

237 3352 239 3355 ’
255 3352 354 3411 tentiis
367 3351 483 3424 densus,
497 3361 526 3409 et
539 3352 570 3409 in
583 3353 628 3425 iis,
642 3371 706 3430 que
721 3371 737 3411 a
750 3353 926 3430 sapientibus
946 3351 1050 3409 tradita
