2675 4009
465 575 703 626 lusu-nunnon
721 575 782 624 ern.
801 577 832 624 x.
850 577 873 648 o.
1024 567 1061 628 nl

274 721 347 796 neri,
361 733 391 784 et
401 723 535 786 inanibus
553 726 725 798 simulacris,
739 743 829 802 usque
849 724 929 798 meo,
943 734 976 784 ut
994 724 1066 784 diffi-

276 819 333 879 oile
353 821 394 878 ub‘
412 821 457 880 his
475 822 616 899 digressos
635 823 673 880 sit
693 823 879 895 assuefacere,
893 839 930 880 ne
951 823 986 879 ab
1006 821 1064 892 ills,

276 916 307 976 in
333 937 389 993 qua
413 937 502 995 prope
532 919 744 986 consenuerint,
778 919 888 990 umbra,
914 937 981 976 rere
1012 917 1067 976 dis·
1092 973 1095 978 ,

277 1013 407 1086 crimine,
439 1015 517 1072 velut
554 1015 697 1089 quendam
736 1015 835 1086 solem,
874 1013 1066 1080 reformident

280 1110 324 1168 18.
344 1109 435 1172 Quod
461 1109 600 1168 accidisse
626 1110 714 1168 etiarn
740 1109 844 1168 Porcio
870 1109 998 1181 Latroni,
1019 1109 1084 1185 qui*

277 1205 387 1281 primus
399 1205 470 1264 cleri
482 1205 608 1264 nominis
625 1206 768 1281 professor
788 1205 852 1276 fuit,
865 1205 986 1263 traditur
999 1225 1005 1262 :
1027 1215 1068 1277 ιιι)

279 1322 347 1362 cum
359 1303 397 1376 ei,
410 1322 550 1363 summam
565 1303 596 1362 iu
609 1303 716 1362 scholis
736 1303 899 1380 opinionem
920 1303 1069 1374 obtinenti3

280 1418 367 1458 causa
386 1400 417 1458 in
436 1401 499 1460 foro
517 1411 592 1460 esset
610 1400 728 1472 manda,
743 1400 871 1476 impense
889 1399 1012 1476 petierit,
1028 1399 1071 1456 uti

280 1496 414 1557 subsellio
445 1497 476 1556 iu
502 1497 651 1556 basilicam
678 1496 905 1564 transferrentur.
958 1495 1004 1553 Ita
1029 1494 1072 1552 illi

281 1594 385 1652 ooelum
397 1613 503 1652 uorum
516 1593 580 1665 fuit,
594 1603 627 1652 ut
640 1593 733 1652 omnis
747 1593 808 1670 ejus
822 1592 986 1668 eloquentie
1006 1609 1073 1650 con·

280 1690 365 1749 lineri
385 1701 462 1750 tecto
482 1709 517 1749 ec
535 1691 692 1766 perietibus
711 1690 862 1748 videretur.
907 1690 952 1764 ld«
971 1688 1073 1751 Quare

285 1786 407 1863 juvenis,
421 1787 623 1863 quitationem
642 1785 806 1844 inveniendi
827 1771 1036 1861 eloquendique
1056 1801 1074 1842 n

281 1883 500 1958 preceptoribus
512 1883 664 1958 diligenter
678 1883 836 1958 acceperit:
857 1882 932 1958 quod
953 1901 1011 1940 uon
1030 1891 1074 1939 est

284 1977 387 2036 infiniti
400 1977 502 2053 operia,
516 1977 540 2035 si
559 1978 664 2036 docere
684 1977 776 2036 scient
794 1989 824 2036 et
842 1978 947 2036 velint:
968 1977 1075 2036 exerci-

284 2073 421 2132 tationem
452 2091 566 2148 quoque
597 2073 741 2130 modicum
775 2073 860 2130 fuerit
892 2083 1073 2144 consecutus,

285 2180 426 2230 oratorem
445 2170 501 2228 sibi
521 2170 653 2246 aliquem,
674 2168 751 2244 quod
772 2169 847 2247 apud
866 2169 987 2246 majores
1012 2168 1075 2228 lieri

284 2266 403 2340 solebat,
417 2265 533 2344 deligat,
552 2284 639 2343 quern
656 2275 803 2342 sequetur,
823 2283 908 2341 quem
930 2264 1074 2336 imitetur3

288 2363 405 2441 judiciis
430 2363 542 2422 intersit
566 2381 652 2439 quam
679 2362 818 2439 plurimis,
838 2372 868 2420 et
887 2361 925 2421 sit
944 2361 1075 2420 certami-

266 2518 269 2522 .
284 2460 340 2533 nis,
353 2459 401 2518 cui
414 2459 579 2532 destinatur,
594 2459 726 2535 frequens
739 2469 887 2536 spectator.
927 2459 975 2518 20.
996 2457 1076 2518 Turn

203 2560 207 2569 ’
285 2576 387 2618 causas
400 2556 444 2615 vel
458 2556 582 2628 easdem,
595 2574 667 2632 quas
681 2555 727 2633 agi
742 2555 872 2628 audierit,
887 2555 953 2614 stilo
966 2567 995 2614 et
1015 2556 1076 2632 ipse

286 2663 447 2730 componat,
461 2652 505 2712 rel
524 2653 611 2712 etiam
631 2652 711 2724 alias,
725 2671 805 2710 verns
822 2652 920 2724 modo,
941 2662 970 2710 et
990 2653 1077 2710 utrin-

287 2768 343 2824 que
355 2760 467 2822 tractet,
475 2761 514 2821 et,
524 2750 600 2824 quod
609 2748 640 2806 in
647 2747 850 2825 gladiatoribus
863 2748 924 2806 fieri
938 2748 1076 2819 videmus,

288 2845 454 2904 decretoriis
465 2855 639 2916 exerceatur,
653 2854 686 2902 ut
699 2844 801 2902 secisse
814 2841 935 2902 Brutum
955 2844 1077 2902 diximus

287 2960 340 3019 pro
353 2940 470 3000 Milone.
511 2940 618 3000 Melius
630 2941 697 3013 hoc,
711 2959 795 3017 quam
809 2941 966 3000 rescribere
979 2941 1078 3000 reteri·

288 3041 344 3099 bus
369 3037 554 3110 orationibus,
575 3048 608 3097 ut
632 3037 702 3098 fecit
725 3037 841 3098 Cestius
867 3047 968 3096 contra
993 3037 1077 3096 Cice·

288 3134 367 3197 rouis
387 3133 528 3193 actionem
547 3133 673 3192 habitam
686 3153 739 3211 pro
751 3133 863 3206 eodem,
877 3151 944 3192 cum
959 3133 1077 3194 alteram

287 3242 398 3311 partem
411 3229 480 3288 satis
493 3249 577 3290 nosse
589 3249 647 3288 non
658 3241 755 3306 posset
775 3249 810 3289 ex
823 3231 885 3290 sola
904 3230 1077 3290 defensione

251 3332 302 3404 ιγ
327 3329 376 3389 21.
403 3325 498 3387 Citius
523 3338 618 3388 autem
636 3327 758 3388 idoneus
776 3326 831 3388 erit
852 3327 974 3406 iuvenis,
993 3343 1080 3404 quern
