2675 4009
293 561 350 624 tlt
510 535 546 619 n'r.
565 569 634 618 rna.
655 567 861 626 omuunrmr

332 719 376 778 1⁰.
404 721 478 778 Sunt
497 730 591 778 tamen
619 719 669 796 qni
694 718 796 776 rudem
815 717 904 790 illum,
923 724 953 775 et
972 713 1091 791 qualem

290 815 412 892 impetus
432 818 569 894 cujusquo
590 817 679 874 animi
698 816 774 887 tulit,
796 815 938 872 actionem
954 812 1091 889 judicent
1188 824 1189 847 ¹

291 913 446 985 fortiorem,
466 923 495 972 ot
521 914 610 970 solum
636 913 705 970 viris
724 913 859 990 dignam:
885 910 937 968 sed
956 928 1015 966 non
1035 907 1089 966 alii

290 1009 358 1081 fero,
373 1029 457 1084 quam
477 1011 526 1085 qui
547 1011 633 1068 etiam
653 1010 684 1066 in
703 1008 828 1066 dicendo
841 1025 940 1065 curam
953 1016 982 1064 et
995 1018 1088 1064 artem

289 1117 318 1162 et
331 1106 463 1178 nitorem,
477 1117 506 1164 et
519 1106 657 1182 quidquid
670 1105 767 1163 studio
778 1115 904 1180 paratur,
919 1113 950 1160 ut
970 1102 1088 1160 affecta·

289 1211 318 1258 ta
331 1210 360 1258 et
378 1221 479 1277 parum
499 1203 640 1260 naturalia
659 1203 753 1260 solent
771 1201 949 1277 improbare,
969 1199 1013 1256 vel
1033 1198 1086 1272 qni

288 1298 438 1356 verborum
460 1309 543 1374 atque
563 1299 652 1374 ipsios
672 1299 759 1356 etiarn
778 1298 842 1355 soni
861 1297 1030 1366 rusticitate,
1051 1305 1087 1352 ut

288 1395 321 1454 L.
337 1394 452 1452 Cottum
466 1396 537 1454 dicit
547 1395 662 1469 ,Cicero
683 1395 795 1465 fecisse,
811 1393 997 1452 imitationem
1012 1391 1088 1448 anti·

288 1491 403 1565 quitatis
430 1492 571 1550 affectant.
622 1493 666 1550 ll.
695 1491 806 1549 Verum
832 1490 874 1548 illi
898 1488 1086 1566 persuasione

287 1605 339 1644 sua
353 1587 490 1658 fruantur,
506 1587 554 1662 qui
569 1587 742 1658 hominibus,
755 1597 788 1644 nt
800 1565 858 1644 sint
871 1599 1006 1656 oratores,
1015 1585 1086 1642 satis

286 1693 387 1758 putant
402 1683 497 1740 nasci:
518 1694 616 1740 nostro
628 1683 719 1741 labori
733 1683 802 1740 deut
816 1683 937 1753 reniam,
948 1683 997 1758 qui
1010 1683 1086 1761 nihii

287 1776 430 1834 credimus
449 1795 512 1834 esse
538 1779 707 1854 perfectum,
727 1778 784 1836 nisi
810 1777 860 1835 ubi
886 1787 989 1836 natura
1013 1796 1087 1835 cura

289 1872 410 1948 juvetur.
451 1873 486 1932 In
507 1874 562 1932 hoc
583 1875 669 1952 igitur
695 1893 754 1932 nou
781 1874 990 1932 contumaciter
1015 1892 1087 1932 con·

286 1969 388 2041 sentio,
415 1971 521 2046 primas
545 1981 640 2046 partes
666 1990 729 2030 esse
760 1981 879 2030 naturae.
934 1971 979 2028 12.
1004 1969 1084 2028 Nam

287 2077 365 2124 certe
391 2067 464 2126 benc
483 2067 675 2143 pronunciare
694 2087 753 2126 non
772 2067 886 2144 poterit,
907 2066 956 2124 cui
976 2082 1025 2124 aut
1052 2067 1084 2125 in

286 2162 398 2238 scriptis
419 2164 564 2235 memoria,
581 2174 628 2222 aut
649 2165 680 2221 in
700 2164 746 2235 iis,
760 2182 823 2238 quat
843 2163 940 2220 subito
959 2163 1085 2222 dicenda

285 2269 378 2326 eruut,
400 2260 521 2318 facilitas
540 2272 651 2336 promta
671 2260 810 2318 defuerit:
837 2277 893 2317 uec
912 2259 937 2316 si
957 2259 1085 2318 inemen-

285 2354 391 2412 dabilia
423 2357 481 2412 oris
513 2356 696 2412 incommoda
728 2356 890 2413 obstabunt.
945 2355 1084 2432 Corporis

284 2448 370 2506 etiam
382 2459 475 2523 potest
488 2467 551 2506 csse
565 2450 659 2525 aliqua
671 2460 750 2507 tanta
763 2449 936 2524 deformitas,
951 2462 983 2510 ut
1002 2453 1084 2512 nulla

285 2555 344 2602 arte
372 2545 509 2604 vincatur.
560 2546 604 2603 13.
627 2547 687 2603 Sed
712 2565 750 2604 ne
775 2565 830 2604 ror
856 2548 973 2622 quidem
999 2549 1083 2607 exilis

284 2641 428 2700 actionem
455 2641 559 2700 habore
585 2642 722 2718 optimam
746 2652 847 2717 potest
895 2644 977 2702 Bona
1003 2647 1081 2704 eninr

283 2739 420 2815 firmaque
433 2749 465 2796 ut
478 2739 608 2798 volumus
622 2739 664 2796 uti
677 2739 761 2796 licet:
782 2741 858 2798 rudo
870 2741 914 2799 vel
935 2741 1082 2801 imbecilla

282 2845 311 2892 at
332 2837 441 2896 inhibet
461 2837 558 2908 multa,
580 2846 612 2894 ut
632 2835 779 2914 insurgere
798 2847 828 2895 et
847 2838 1023 2912 exclamare3
1051 2851 1082 2899 et

283 2931 376 3006 aliqua
390 2933 477 3010 cogit,
492 2943 524 2990 ut
538 2933 725 2991 intermittere
737 2944 766 2991 et
780 2933 942 3007 deflectere,
957 2946 986 2993 et
999 2957 1079 2996 rasas

281 3027 379 3085 fauces
394 3049 427 3086 ac
440 3030 515 3088 latus
529 3030 678 3106 fatigatum
691 3030 810 3088 deformi
824 3032 938 3089 cantico
951 3033 1078 3094 reficere.

281 3123 340 3182 Sed
365 3143 419 3182 uos
438 3127 475 3183 de
494 3145 530 3184 eo
550 3145 627 3184 nuuc
647 3127 807 3202 loquamur,
827 3128 876 3186 cui
896 3147 954 3186 non
975 3129 1078 3188 frustra

280 3219 453 3295 precipitur.

320 3317 365 3376 rt.
393 3316 469 3376 Com
482 3317 518 3376 sit
527 3328 622 3378 autam
635 3321 730 3380 omnis
743 3321 828 3394 actio,
836 3330 869 3380 ut
882 3320 950 3395 dixi,
961 3320 992 3380 in
1004 3319 1079 3382 duas
