2675 4009
449 595 874 646 manutenuerunt.
1021 585 1063 650 ‘rt

263 745 353 823 major
367 763 452 823 quam
466 747 637 822 eloquentiae
652 747 708 806 luit
721 747 751 806 in
765 747 942 806 orationibus
961 715 1061 822 utiqiie
1085 730 1087 736 ἲ

265 842 394 918 jactator.
438 844 483 902 18.
505 843 545 900 Et
568 843 738 919 plerumque
764 843 836 902 illud
863 861 976 920 quoque
1002 863 1061 902 nou

262 939 325 996 aine
339 940 435 1015 aliqua
446 940 558 997 ratione
572 940 649 997 feeit.
691 941 753 998 Aut
763 941 840 998 enim
854 942 986 998 tuebatur
1001 959 1061 1012 eos,

261 1036 366 1110 quibus
378 1046 439 1094 erat
453 1035 631 1110 adjutoribus
644 1053 714 1094 usus
734 1035 764 1092 in
783 1036 971 1112 opprimenda
992 1053 1062 1094 oon·

259 1132 412 1208 juratione,
434 1141 484 1190 aut
508 1131 700 1209 respondebat
726 1131 858 1190 invidie:
890 1133 946 1190 uui*
965 1143 1061 1190 tamen

261 1247 321 1286 non
335 1229 388 1286 suit
401 1247 461 1304 par,
475 1238 592 1286 serrata
611 1228 711 1304 patriae
731 1247 845 1304 poenam
864 1248 964 1304 passus
984 1227 1063 1286 exili-

262 1343 329 1382 um:
351 1334 382 1382 ut
395 1325 592 1400 illorumque
603 1325 744 1402 egeratin
758 1325 918 1396 consulatu,
929 1326 1063 1400 frequens

262 1422 496 1480 commemoratio
515 1422 605 1497 possit
631 1421 722 1480 rideri
749 1441 808 1479 non
835 1421 933 1498 gloriae
960 1422 1062 1498 magia,

262 1537 349 1594 quam
362 1519 533 1590 defensioni,
546 1519 620 1577 data
663 1520 709 1578 19.
731 1517 933 1594 Eloquentiam
947 1519 1063 1594 quidem

262 1635 330 1674 oum
349 1617 544 1692 plenissimam
564 1617 682 1674 diversae
697 1617 785 1692 partia
800 1615 946 1674 advocatis
961 1633 1064 1673 conoe·

262 1714 351 1786 deret,
358 1715 413 1772 aibi
423 1732 570 1789 nunquam
580 1714 610 1772 in
624 1713 737 1790 agendo
746 1713 899 1770 immodioe
915 1713 1062 1789 arrogavit.

261 1809 344 1868 Illiua
369 1822 436 1868 aunt
454 1812 543 1882 enim,
563 1811 610 1882 Si,
628 1810 755 1886 jndices,
775 1811 887 1885 ingenii
905 1811 967 1882 mei,
989 1809 1065 1886 qnod

262 1908 352 1965 unio
371 1927 455 1982 qnam
475 1907 514 1963 sit
534 1907 680 1981 exiguum
696 1917 733 1978 et,
752 1906 819 1974 Quo
837 1907 1064 1982 ingenio'nrinus

263 2021 387 2078 possum,
415 2001 571 2060 subsidium
602 2003 672 2059 milti
704 2003 859 2076 diligentia
891 2004 1061 2078 comparari.

262 2099 311 2156 20.
331 2097 521 2160 Quinetiam
542 2107 643 2154 eontra
661 2097 702 2159 Q.
718 2097 870 2155 Gaeoilium
890 2098 927 2155 de
947 2117 1064 2156 aoousa·

263 2206 326 2254 tore
354 2195 384 2252 in
405 2194 526 2252 Verrem
554 2193 767 2264 constituendo,
787 2193 916 2269 quamvis
943 2193 1065 2254 multum

263 2301 340 2350 earet
352 2291 383 2348 in
403 2291 460 2347 hoo
479 2308 595 2364 quoque
615 2289 763 2360 momenti,
778 2300 840 2346 uter
863 2289 898 2346 ad
919 2289 1064 2366 agendum

264 2388 356 2466 magia
369 2387 492 2446 idoneus
511 2386 632 2457 veniret,
647 2385 763 2444 dioendi
783 2397 879 2444 tamen
900 2386 1065 2444 facultatem
1151 2370 1153 2376 ’

265 2485 356 2562 magia
368 2485 411 2542 illi
424 2483 556 2555 detraxit,
567 2501 655 2558 quam
666 2482 808 2560 arrogavit
822 2483 894 2542 sibi:
915 2503 997 2560 seque
1010 2503 1064 2542 non

265 2590 448 2652 romanatum,
458 2580 508 2638 red
519 2579 736 2656 omniafecisse,
750 2588 783 2638 nt
792 2589 887 2657 posset
901 2600 962 2639 enm
974 2599 1065 2638 conse·

266 2677 325 2754 qai,
339 2675 418 2735 dixit.
459 2674 507 2734 21.
528 2676 564 2734 In
578 2676 707 2751 epistolis
722 2677 875 2750 aliquando
889 2676 1065 2734 familiariter

268 2774 342 2849 apud
357 2773 475 2844 aminon,
488 2791 694 2848 nonnunquam
715 2772 746 2830 in
766 2771 897 2848 dialogis,
913 2772 1006 2828 aliena
1025 2759 1066 2830 ta·

267 2886 334 2926 rnen
346 2887 476 2944 maone,
490 2887 590 2926 rerum
603 2869 639 2927 de
652 2868 816 2943 eloquentia
835 2887 887 2925 sua
906 2867 985 2926 dioit.
1027 2867 1066 2926 Et

268 2974 364 3040 aperte
376 2974 473 3022 tamen
485 2964 612 3041 gloriari,
625 2965 725 3022 nennio
739 2984 776 3022 an
796 2965 833 3022 eit
854 2965 945 3042 inagis
964 2963 1066 3022 tolera·

268 3060 326 3120 bile
346 3060 390 3118 vel
403 3061 466 3136 ipra
476 3060 539 3118 vitii
552 3057 638 3136 hujus
649 3061 833 3136 simplicitate
841 3081 849 3132 3
871 3079 957 3136 quam
970 3061 1019 3120 illa
1034 3061 1064 3118 in

271 3156 428 3233 jactatione
453 3175 595 3232 perversa,
619 3157 644 3214 ai
663 3157 813 3215 abundans
832 3157 934 3234 opibus
961 3175 1067 3234 paupe·

268 3271 329 3313 rem
355 3271 395 3325 ae,
416 3253 521 3311 nobilis
546 3253 710 3326 obtentum,
731 3265 760 3312 et
784 3264 886 3331 potens
912 3255 1065 3325 infirmum,

268 3351 435 3414 etdirertur
453 3349 617 3430 imperium
641 3351 727 3429 pleae
753 3361 784 3410 et
809 3351 947 3414 infantem
973 3359 1064 3410 rotet.
