2675 4009
451 602 875 654 nls‘l'.01tu'1'0u.1‚113.xl.³.
995 587 1058 652 'ut

266 745 509 833 elinquiemietus
528 755 577 813 fiet
597 764 742 831 angustus,
756 762 786 812 et
804 750 981 828 dignitatem,
995 765 1057 824 que
1110 795 1115 804 .

263 862 309 910 est
322 853 352 910 iu
365 853 517 910 latitudine
529 851 662 927 pectoris,
675 850 783 926 perdet.
824 845 978 905 Sinistrum
997 845 1058 902 bre·

265 949 364 1006 ellium
378 967 518 1023 eousque
533 947 710 1004 allevandum
730 956 788 1017 eet,¹
797 955 829 1002 ut
848 943 929 1019 quasi
948 959 1059 1019 nornen·

264 1043 323 1102 lem
350 1045 431 1102 illum
452 1043 588 1119 angulum
609 1042 704 1100 laniat.
746 1043 839 1117 Super
859 1033 935 1116 quod
954 1055 1005 1094 ote
1022 1054 1058 1094 ex

263 1151 334 1216 tuga
354 1140 458 1214 duplex
478 1139 623 1214 equaliter
643 1139 748 1196 sedeat.
790 1138 855 1195 142,
876 1136 985 1193 uanus·
998 1151 1058 1192 nun

266 1235 417 1311 impleatur
432 1228 554 1306 annulis,¹
567 1235 711 1312 praeeipue
724 1234 835 1291 medion
847 1233 981 1290 mieulue
999 1247 1058 1290 nou

266 1331 496 1388 nenseuntibus:
524 1331 606 1407 eujus
632 1330 686 1388 erit
706 1329 821 1386 habitus
839 1327 971 1403 optimus,
993 1326 1059 1384 elle·

266 1436 333 1484 veto
345 1427 459 1502 pollice,
472 1437 502 1486 et
515 1427 613 1505 digitis
625 1426 726 1485 leviter
739 1423 860 1496 inflexis,
874 1423 931 1480 nisi
943 1422 968 1479 ei
980 1421 1060 1479 libel·

262 1525 326 1584 lum
354 1525 479 1584 tenebit:
507 1525 583 1602 quod
610 1544 669 1583 non
696 1524 796 1600 utique
816 1521 988 1598 captandum
1006 1529 1058 1578 eet

266 1622 388 1682 Videtur
402 1622 480 1682 enim
492 1623 577 1682 fateri
596 1621 742 1680 memorie
763 1619 960 1691 diffidentiam,
974 1627 1003 1676 et
1022 1616 1058 1675 ud

266 1720 371 1778 multus
397 1729 494 1797 gestus
520 1729 564 1778 est
590 1719 802 1796 impedimento.
854 1718 919 1776 143.
945 1715 1059 1793 Tegunt

265 1825 376 1873 ueteres
397 1816 432 1872 ud
453 1816 566 1873 ualueos
586 1834 677 1890 usque
697 1815 894 1887 demittebant,
913 1823 946 1871 ut
963 1811 1059 1870 Guaeei

265 1911 393 1986 pellium.
433 1911 525 1985 quue
538 1919 570 1966 ut
583 1911 642 1982 fiat,
658 1911 708 1986 qui
728 1911 765 1968 de
785 1921 867 1987 gestu
887 1910 1060 1985 seripserunt

266 2006 347 2064 eirea
365 2015 494 2081 tempora
514 2005 573 2078 illu,
586 2005 699 2064 Plotius
718 2006 913 2082 Nigidiusque
930 2006 1060 2082 precipi-

266 2113 328 2162 unt.
381 2101 452 2164 Quo
478 2102 569 2179 megin
595 2102 684 2160 mirer
709 2102 797 2160 Plinii
823 2103 951 2160 Secundi
983 2101 1060 2160 doeti
1101 2132 1106 2139 1

267 2198 401 2271 huminis,
416 2208 445 2256 et
458 2199 488 2256 in
502 2199 557 2256 hoe
571 2199 669 2274 utique
682 2199 756 2256 libro
774 2218 856 2274 pene
875 2199 960 2257 etium
978 2199 1061 2257 nimi·

267 2313 318 2354 um
338 2295 454 2368 curiosi,
474 2295 699 2372 persuasionem,
713 2295 763 2371 qui
783 2296 898 2353 uelitum
917 2295 947 2354 id
966 2297 1061 2355 seuere

266 2392 441 2452 Oiueronem
474 2393 659 2450 velandorum
686 2392 814 2450 vurieum
845 2393 936 2471 gratie
961 2393 1059 2452 trudit:

266 2509 335 2550 uum
348 2489 405 2546 hoe
419 2489 540 2546 amiotus
554 2507 644 2566 genus
658 2488 688 2546 in
701 2489 801 2547 statuis
820 2508 919 2548 eornm
938 2509 1060 2566 quoque,

265 2588 317 2664 vqui
330 2597 394 2664 pust
408 2585 579 2644 Ciceronem
593 2586 717 2657 fuerunt,
732 2597 871 2662 appareat.
914 2588 978 2645 144.
998 2587 1062 2645 Pul·

266 2684 378 2755 liulum,
399 2683 474 2740 eieut
494 2683 606 2754 fasciae,
627 2683 731 2758 quibus
750 2702 835 2740 crure
852 2684 1019 2753 vestiuntur,
1033 2693 1062 2741 et

269 2779 382 2851 focalia,
397 2789 426 2866 et
440 2779 551 2836 aurium
563 2779 729 2856 ligamenta,
742 2779 804 2836 sole
815 2795 952 2862 enuusure
968 2787 1062 2854 putent

268 2874 410 2934 valetudo.

310 2972 369 3030 Sed
389 2973 451 3030 lieu
472 2972 593 3029 amiotus
612 2971 781 3042 observatio,
801 2972 869 3028 dum
893 2971 1061 3049 incipimusz

268 3069 443 3146 procedente
456 3087 524 3126 vero
538 3077 613 3140 autu,
630 3069 689 3145 jum
702 3086 783 3144 paene
798 3069 833 3125 ub
846 3068 928 3126 initio
947 3069 1063 3127 narrati·

268 3165 344 3237 onie,
359 3166 438 3224 sinus
453 3167 488 3224 eb
508 3165 627 3222 humero
645 3178 725 3223 reete
745 3165 821 3222 velut
840 3177 940 3241 sponte
959 3166 1064 3224 delabi·

268 3273 331 3321 tur:
353 3271 382 3321 et
403 3279 469 3320 uum
490 3263 526 3320 nd
547 3274 716 3338 argumente
735 3281 771 3319 ue
789 3262 871 3320 loeus
883 3273 997 3320 ventum
1010 3271 1062 3333 eet,

269 3359 390 3440 rejicere
404 3359 549 3420 euiuietso
561 3369 667 3438 togam,
682 3359 807 3438 dejicere
825 3360 921 3433 etiun,
934 3359 959 3417 ei
978 3358 1064 3418 hiere·
