<?xml version="1.0" encoding="UTF-8"?>
<!DOCTYPE html PUBLIC "-//W3C//DTD XHTML 1.0 Transitional//EN"
    "http://www.w3.org/TR/xhtml1/DTD/xhtml1-transitional.dtd">
<html xmlns="http://www.w3.org/1999/xhtml" xml:lang="en" lang="en">
 <head>
  <title>
</title>
<meta http-equiv="Content-Type" content="text/html;charset=utf-8" />
  <meta name='ocr-system' content='tesseract 3.04.00' />
  <meta name='ocr-capabilities' content='ocr_page ocr_carea ocr_par ocr_line ocrx_word'/>
</head>
<body>
  <div class='ocr_page' id='page_1' title='image "./mfabiiquintilia00dillgoog_0149.png"; bbox 0 0 2675 4009; ppageno 0'>
   <div class='ocr_carea' id='block_1_1' title="bbox 440 606 1048 666">
    <p class='ocr_par' dir='ltr' id='par_1_1' title="bbox 440 606 1048 666">
     <span class='ocr_line' id='line_1_1' title="bbox 440 606 1048 666; baseline -0.012 -2"><span class='ocrx_word' id='word_1_1' title='bbox 440 615 522 664; x_wconf 68' lang='lat' dir='ltr'>uisu.</span> <span class='ocrx_word' id='word_1_2' title='bbox 541 615 679 663; x_wconf 80' lang='lat' dir='ltr'>ORATOR.</span> <span class='ocrx_word' id='word_1_3' title='bbox 699 615 760 662; x_wconf 88' lang='lat' dir='ltr'><strong>LIB.</strong></span> <span class='ocrx_word' id='word_1_4' title='bbox 779 614 822 662; x_wconf 83' lang='lat' dir='ltr'>XI.</span> <span class='ocrx_word' id='word_1_5' title='bbox 841 615 863 660; x_wconf 78' lang='lat'>3.</span> <span class='ocrx_word' id='word_1_6' title='bbox 991 606 1048 666; x_wconf 69' lang='lat'>143</span> 
     </span>
    </p>
   </div>
   <div class='ocr_carea' id='block_1_2' title="bbox 246 763 1050 1804">
    <p class='ocr_par' dir='ltr' id='par_1_2' title="bbox 246 763 1050 1804">
     <span class='ocr_line' id='line_1_2' title="bbox 255 763 1048 844; baseline -0.004 -20"><span class='ocrx_word' id='word_1_7' title='bbox 255 765 476 844; x_wconf 88' lang='lat' dir='ltr'>ineptissimum:</span> <span class='ocrx_word' id='word_1_8' title='bbox 498 767 663 840; x_wconf 83' lang='lat' dir='ltr'>urbaneque</span> <span class='ocrx_word' id='word_1_9' title='bbox 677 765 782 823; x_wconf 78' lang='lat' dir='ltr'>Flavus</span> <span class='ocrx_word' id='word_1_10' title='bbox 795 763 944 841; x_wconf 78' lang='lat' dir='ltr'>Virginius</span> <span class='ocrx_word' id='word_1_11' title='bbox 963 764 1048 822; x_wconf 88' lang='lat' dir='ltr'>inter·</span> 
     </span>
     <span class='ocr_line' id='line_1_3' title="bbox 254 862 1047 942; baseline -0.006 -19"><span class='ocrx_word' id='word_1_12' title='bbox 254 865 364 942; x_wconf 80' lang='lat' dir='ltr'>rogavit</span> <span class='ocrx_word' id='word_1_13' title='bbox 384 865 421 922; x_wconf 91' lang='lat' dir='ltr'>de</span> <span class='ocrx_word' id='word_1_14' title='bbox 441 863 565 939; x_wconf 85' lang='lat' dir='ltr'>quedam</span> <span class='ocrx_word' id='word_1_15' title='bbox 586 881 638 918; x_wconf 86' lang='lat' dir='ltr'>suo</span> <span class='ocrx_word' id='word_1_16' title='bbox 660 862 853 936; x_wconf 83' lang='lat' dir='ltr'>antisophistc,</span> <span class='ocrx_word' id='word_1_17' title='bbox 868 869 937 937; x_wconf 84' lang='lat' dir='ltr'>quot</span> <span class='ocrx_word' id='word_1_18' title='bbox 955 862 1047 918; x_wconf 83' lang='lat' dir='ltr'>millia</span> 
     </span>
     <span class='ocr_line' id='line_1_4' title="bbox 246 957 1045 1038; baseline -0.006 -19"><span class='ocrx_word' id='word_1_19' title='bbox 246 978 386 1038; x_wconf 82' lang='lat' dir='ltr'>passuum</span> <span class='ocrx_word' id='word_1_20' title='bbox 399 959 600 1018; x_wconf 80' lang='lat' dir='ltr'><em>declamasset?</em></span> <span class='ocrx_word' id='word_1_21' title='bbox 643 958 706 1014; x_wconf 72' lang='lat'><strong>127.</strong></span> <span class='ocrx_word' id='word_1_22' title='bbox 721 957 880 1032; x_wconf 78' lang='lat' dir='ltr'>Praecipiet</span> <span class='ocrx_word' id='word_1_23' title='bbox 893 957 1045 1029; x_wconf 88' lang='lat' dir='ltr'>illudscio‚</span> 
     </span>
     <span class='ocr_line' id='line_1_5' title="bbox 252 1053 1050 1131; baseline -0.006 -16"><span class='ocrx_word' id='word_1_24' title='bbox 252 1077 290 1114; x_wconf 89' lang='lat' dir='ltr'>ne</span> <span class='ocrx_word' id='word_1_25' title='bbox 312 1057 489 1115; x_wconf 86' lang='lat' dir='ltr'>ambulantes</span> <span class='ocrx_word' id='word_1_26' title='bbox 511 1065 668 1112; x_wconf 78' lang='lat' dir='ltr'>avertamur</span> <span class='ocrx_word' id='word_1_27' title='bbox 697 1073 713 1110; x_wconf 91' lang='lat' dir='ltr'>a</span> <span class='ocrx_word' id='word_1_28' title='bbox 736 1053 890 1129; x_wconf 86' lang='lat' dir='ltr'>judicibus,</span> <span class='ocrx_word' id='word_1_29' title='bbox 911 1054 961 1112; x_wconf 90' lang='lat' dir='ltr'>sed</span> <span class='ocrx_word' id='word_1_30' title='bbox 989 1054 1050 1131; x_wconf 13' lang='lat' dir='ltr'>sint?</span> 
     </span>
     <span class='ocr_line' id='line_1_6' title="bbox 252 1149 1044 1228; baseline -0.004 -17"><span class='ocrx_word' id='word_1_31' title='bbox 252 1153 362 1228; x_wconf 82' lang='lat' dir='ltr'>obliqui</span> <span class='ocrx_word' id='word_1_32' title='bbox 382 1153 469 1228; x_wconf 83' lang='lat' dir='ltr'>pedes</span> <span class='ocrx_word' id='word_1_33' title='bbox 490 1151 525 1207; x_wconf 87' lang='lat' dir='ltr'>ad</span> <span class='ocrx_word' id='word_1_34' title='bbox 545 1149 697 1206; x_wconf 89' lang='lat' dir='ltr'>consilium</span> <span class='ocrx_word' id='word_1_35' title='bbox 717 1149 799 1206; x_wconf 88' lang='lat' dir='ltr'>nobis</span> <span class='ocrx_word' id='word_1_36' title='bbox 818 1151 1044 1226; x_wconf 74' lang='lat' dir='ltr'>respicientibus.</span> 
     </span>
     <span class='ocr_line' id='line_1_7' title="bbox 252 1245 1046 1324; baseline -0.001 -18"><span class='ocrx_word' id='word_1_37' title='bbox 252 1249 288 1306; x_wconf 88' lang='lat' dir='ltr'>Id</span> <span class='ocrx_word' id='word_1_38' title='bbox 308 1249 370 1306; x_wconf 88' lang='lat' dir='ltr'>fieri</span> <span class='ocrx_word' id='word_1_39' title='bbox 394 1247 511 1324; x_wconf 84' lang='lat' dir='ltr'>judiciis</span> <span class='ocrx_word' id='word_1_40' title='bbox 531 1245 646 1319; x_wconf 88' lang='lat' dir='ltr'>privatis</span> <span class='ocrx_word' id='word_1_41' title='bbox 666 1263 724 1300; x_wconf 88' lang='lat' dir='ltr'>non</span> <span class='ocrx_word' id='word_1_42' title='bbox 744 1255 845 1318; x_wconf 88' lang='lat' dir='ltr'>potest.</span> <span class='ocrx_word' id='word_1_43' title='bbox 885 1247 994 1304; x_wconf 88' lang='lat' dir='ltr'>Verum</span> <span class='ocrx_word' id='word_1_44' title='bbox 1016 1256 1046 1305; x_wconf 82' lang='lat' dir='ltr'>et</span> 
     </span>
     <span class='ocr_line' id='line_1_8' title="bbox 252 1324 1046 1416; baseline -0.004 -13"><span class='ocrx_word' id='word_1_45' title='bbox 252 1345 383 1404; x_wconf 80' lang='lat' dir='ltr'>breviora</span> <span class='ocrx_word' id='word_1_46' title='bbox 396 1353 461 1400; x_wconf 89' lang='lat' dir='ltr'>sunt</span> <span class='ocrx_word' id='word_1_47' title='bbox 474 1341 574 1416; x_wconf 88' lang='lat' dir='ltr'>spatia,</span> <span class='ocrx_word' id='word_1_48' title='bbox 588 1324 643 1398; x_wconf 81' lang='lat' dir='ltr'>nec</span> <span class='ocrx_word' id='word_1_49' title='bbox 658 1340 748 1397; x_wconf 88' lang='lat' dir='ltr'>aversi</span> <span class='ocrx_word' id='word_1_50' title='bbox 762 1340 811 1396; x_wconf 92' lang='lat' dir='ltr'>diu</span> <span class='ocrx_word' id='word_1_51' title='bbox 824 1359 930 1398; x_wconf 88' lang='lat' dir='ltr'>sumus.</span> <span class='ocrx_word' id='word_1_52' title='bbox 970 1342 1046 1401; x_wconf 81' lang='lat' dir='ltr'>Inte·</span> 
     </span>
     <span class='ocr_line' id='line_1_9' title="bbox 251 1436 1046 1500; baseline -0.005 0"><span class='ocrx_word' id='word_1_53' title='bbox 251 1441 306 1500; x_wconf 83' lang='lat' dir='ltr'>rim</span> <span class='ocrx_word' id='word_1_54' title='bbox 333 1451 428 1498; x_wconf 87' lang='lat' dir='ltr'>tamen</span> <span class='ocrx_word' id='word_1_55' title='bbox 455 1436 589 1494; x_wconf 75' lang='lat' dir='ltr'><strong>recedere</strong></span> <span class='ocrx_word' id='word_1_56' title='bbox 609 1437 715 1494; x_wconf 89' lang='lat' dir='ltr'>sensim</span> <span class='ocrx_word' id='word_1_57' title='bbox 736 1436 827 1494; x_wconf 88' lang='lat' dir='ltr'>datur.</span> <span class='ocrx_word' id='word_1_58' title='bbox 867 1436 997 1498; x_wconf 79' lang='lat' dir='ltr'>Quidam</span> <span class='ocrx_word' id='word_1_59' title='bbox 1016 1447 1046 1496; x_wconf 85' lang='lat' dir='ltr'>et</span> 
     </span>
     <span class='ocr_line' id='line_1_10' title="bbox 251 1533 1046 1609; baseline -0.005 -13"><span class='ocrx_word' id='word_1_60' title='bbox 251 1537 390 1606; x_wconf 86' lang='lat' dir='ltr'>resiliunt,</span> <span class='ocrx_word' id='word_1_61' title='bbox 404 1533 480 1609; x_wconf 90' lang='lat' dir='ltr'>quod</span> <span class='ocrx_word' id='word_1_62' title='bbox 501 1543 544 1590; x_wconf 87' lang='lat' dir='ltr'>eat</span> <span class='ocrx_word' id='word_1_63' title='bbox 563 1533 647 1609; x_wconf 88' lang='lat' dir='ltr'>plane</span> <span class='ocrx_word' id='word_1_64' title='bbox 667 1533 830 1591; x_wconf 87' lang='lat' dir='ltr'>ridiculum.</span> <span class='ocrx_word' id='word_1_65' title='bbox 873 1533 937 1591; x_wconf 70' lang='lat'>128.</span> <span class='ocrx_word' id='word_1_66' title='bbox 959 1533 1046 1592; x_wconf 81' lang='lat' dir='ltr'>Pedia</span> 
     </span>
     <span class='ocr_line' id='line_1_11' title="bbox 249 1629 1046 1708; baseline -0.005 -17"><span class='ocrx_word' id='word_1_67' title='bbox 249 1631 404 1708; x_wconf 83' lang='lat' dir='ltr'>supplosio,</span> <span class='ocrx_word' id='word_1_68' title='bbox 420 1639 450 1687; x_wconf 88' lang='lat' dir='ltr'>ut</span> <span class='ocrx_word' id='word_1_69' title='bbox 463 1629 529 1687; x_wconf 90' lang='lat' dir='ltr'>loco</span> <span class='ocrx_word' id='word_1_70' title='bbox 542 1639 585 1687; x_wconf 89' lang='lat' dir='ltr'>est</span> <span class='ocrx_word' id='word_1_71' title='bbox 598 1640 766 1706; x_wconf 89' lang='lat' dir='ltr'>opportuna,</span> <span class='ocrx_word' id='word_1_72' title='bbox 780 1640 812 1688; x_wconf 92' lang='lat' dir='ltr'>ut</span> <span class='ocrx_word' id='word_1_73' title='bbox 827 1631 866 1687; x_wconf 87' lang='lat' dir='ltr'>ait</span> <span class='ocrx_word' id='word_1_74' title='bbox 885 1630 1000 1702; x_wconf 87' lang='lat' dir='ltr'>Cicero,</span> <span class='ocrx_word' id='word_1_75' title='bbox 1014 1631 1046 1687; x_wconf 84' lang='lat' dir='ltr'>in</span> 
     </span>
     <span class='ocr_line' id='line_1_12' title="bbox 249 1726 1046 1804; baseline 0 -18"><span class='ocrx_word' id='word_1_76' title='bbox 249 1727 469 1786; x_wconf 78' lang='lat' dir='ltr'>contentionibus</span> <span class='ocrx_word' id='word_1_77' title='bbox 490 1733 542 1784; x_wconf 86' lang='lat' dir='ltr'>aut</span> <span class='ocrx_word' id='word_1_78' title='bbox 562 1727 741 1803; x_wconf 81' lang='lat' dir='ltr'>incipiendis,</span> <span class='ocrx_word' id='word_1_79' title='bbox 762 1735 814 1784; x_wconf 85' lang='lat' dir='ltr'>ent</span> <span class='ocrx_word' id='word_1_80' title='bbox 824 1726 986 1804; x_wconf 79' lang='lat' dir='ltr'>finiendis:</span> <span class='ocrx_word' id='word_1_81' title='bbox 1005 1726 1046 1786; x_wconf 87' lang='lat' dir='ltr'>ita</span> 
     </span>
    </p>
   </div>
   <div class='ocr_carea' id='block_1_3' title="bbox 152 1822 1044 1898">
    <p class='ocr_par' dir='ltr' id='par_1_3' title="bbox 152 1822 1044 1898">
     <span class='ocr_line' id='line_1_13' title="bbox 152 1822 1044 1898; baseline 0.002 -18"><span class='ocrx_word' id='word_1_82' title='bbox 152 1849 153 1853; x_wconf 41' lang='lat'>¹</span> <span class='ocrx_word' id='word_1_83' title='bbox 249 1824 350 1881; x_wconf 89' lang='lat' dir='ltr'>crebra</span> <span class='ocrx_word' id='word_1_84' title='bbox 364 1833 393 1880; x_wconf 86' lang='lat' dir='ltr'>et</span> <span class='ocrx_word' id='word_1_85' title='bbox 406 1823 495 1898; x_wconf 87' lang='lat' dir='ltr'>inepti</span> <span class='ocrx_word' id='word_1_86' title='bbox 509 1833 552 1880; x_wconf 91' lang='lat' dir='ltr'>est</span> <span class='ocrx_word' id='word_1_87' title='bbox 565 1823 699 1894; x_wconf 89' lang='lat' dir='ltr'>hominis,</span> <span class='ocrx_word' id='word_1_88' title='bbox 713 1833 743 1880; x_wconf 88' lang='lat' dir='ltr'>et</span> <span class='ocrx_word' id='word_1_89' title='bbox 755 1822 861 1880; x_wconf 88' lang='lat' dir='ltr'>desiuit</span> <span class='ocrx_word' id='word_1_90' title='bbox 871 1823 999 1898; x_wconf 88' lang='lat' dir='ltr'>judicem</span> <span class='ocrx_word' id='word_1_91' title='bbox 1013 1823 1044 1882; x_wconf 90' lang='lat' dir='ltr'>iu</span> 
     </span>
    </p>
   </div>
   <div class='ocr_carea' id='block_1_4' title="bbox 249 1907 1046 2676">
    <p class='ocr_par' dir='ltr' id='par_1_4' title="bbox 249 1907 1046 2676">
     <span class='ocr_line' id='line_1_14' title="bbox 250 1907 1044 1978; baseline 0 -1"><span class='ocrx_word' id='word_1_92' title='bbox 250 1937 282 1977; x_wconf 88' lang='lat' dir='ltr'>se</span> <span class='ocrx_word' id='word_1_93' title='bbox 302 1927 478 1976; x_wconf 86' lang='lat' dir='ltr'>convertere.</span> <span class='ocrx_word' id='word_1_94' title='bbox 519 1918 572 1974; x_wconf 86' lang='lat' dir='ltr'>Est</span> <span class='ocrx_word' id='word_1_95' title='bbox 592 1929 620 1976; x_wconf 89' lang='lat' dir='ltr'>et</span> <span class='ocrx_word' id='word_1_96' title='bbox 640 1919 690 1975; x_wconf 88' lang='lat' dir='ltr'>illa</span> <span class='ocrx_word' id='word_1_97' title='bbox 708 1907 845 1975; x_wconf 85' lang='lat' dir='ltr'>indecora</span> <span class='ocrx_word' id='word_1_98' title='bbox 864 1919 894 1976; x_wconf 91' lang='lat' dir='ltr'>iu</span> <span class='ocrx_word' id='word_1_99' title='bbox 914 1920 1044 1978; x_wconf 79' lang='lat' dir='ltr'>dextrum</span> 
     </span>
     <span class='ocr_line' id='line_1_15' title="bbox 252 2014 1046 2090; baseline 0 -17"><span class='ocrx_word' id='word_1_100' title='bbox 252 2033 286 2073; x_wconf 90' lang='lat' dir='ltr'>ac</span> <span class='ocrx_word' id='word_1_101' title='bbox 306 2014 408 2072; x_wconf 84' lang='lat' dir='ltr'>laevum</span> <span class='ocrx_word' id='word_1_102' title='bbox 435 2015 509 2075; x_wconf 87' lang='lat' dir='ltr'>latus</span> <span class='ocrx_word' id='word_1_103' title='bbox 528 2014 671 2071; x_wconf 77' lang='lat' dir='ltr'>vacillatio</span> <span class='ocrx_word' id='word_1_104' title='bbox 691 2014 806 2071; x_wconf 74' lang='lat' dir='ltr'>alternis</span> <span class='ocrx_word' id='word_1_105' title='bbox 824 2015 945 2090; x_wconf 87' lang='lat' dir='ltr'>pedibus</span> <span class='ocrx_word' id='word_1_106' title='bbox 964 2016 1046 2073; x_wconf 87' lang='lat' dir='ltr'>insis-</span> 
     </span>
     <span class='ocr_line' id='line_1_16' title="bbox 250 2110 1046 2194; baseline -0.004 -23"><span class='ocrx_word' id='word_1_107' title='bbox 250 2113 380 2171; x_wconf 90' lang='lat' dir='ltr'>tentium.</span> <span class='ocrx_word' id='word_1_108' title='bbox 422 2111 602 2187; x_wconf 82' lang='lat' dir='ltr'>Longissima</span> <span class='ocrx_word' id='word_1_109' title='bbox 616 2110 752 2194; x_wconf 77' lang='lat' dir='ltr'>fugienda</span> <span class='ocrx_word' id='word_1_110' title='bbox 766 2110 859 2167; x_wconf 87' lang='lat' dir='ltr'>mollis</span> <span class='ocrx_word' id='word_1_111' title='bbox 879 2111 963 2183; x_wconf 86' lang='lat' dir='ltr'>actio,</span> <span class='ocrx_word' id='word_1_112' title='bbox 978 2129 1046 2186; x_wconf 88' lang='lat' dir='ltr'>qua·</span> 
     </span>
     <span class='ocr_line' id='line_1_17' title="bbox 250 2205 1044 2278; baseline -0.005 -10"><span class='ocrx_word' id='word_1_113' title='bbox 250 2210 306 2268; x_wconf 86' lang='lat' dir='ltr'>lem</span> <span class='ocrx_word' id='word_1_114' title='bbox 335 2209 365 2266; x_wconf 88' lang='lat' dir='ltr'>in</span> <span class='ocrx_word' id='word_1_115' title='bbox 392 2207 474 2266; x_wconf 89' lang='lat' dir='ltr'>Titio</span> <span class='ocrx_word' id='word_1_116' title='bbox 500 2206 605 2264; x_wconf 78' lang='lat' dir='ltr'>Cicero</span> <span class='ocrx_word' id='word_1_117' title='bbox 631 2205 703 2263; x_wconf 88' lang='lat' dir='ltr'>dicit</span> <span class='ocrx_word' id='word_1_118' title='bbox 729 2205 827 2278; x_wconf 88' lang='lat' dir='ltr'>fuisse,</span> <span class='ocrx_word' id='word_1_119' title='bbox 853 2207 931 2264; x_wconf 88' lang='lat' dir='ltr'>unde</span> <span class='ocrx_word' id='word_1_120' title='bbox 956 2207 1044 2264; x_wconf 87' lang='lat' dir='ltr'>etiarn</span> 
     </span>
     <span class='ocr_line' id='line_1_18' title="bbox 250 2302 1042 2380; baseline -0.004 -15"><span class='ocrx_word' id='word_1_121' title='bbox 250 2305 410 2365; x_wconf 81' lang='lat' dir='ltr'>saltationis</span> <span class='ocrx_word' id='word_1_122' title='bbox 424 2303 567 2380; x_wconf 89' lang='lat' dir='ltr'>quoddam</span> <span class='ocrx_word' id='word_1_123' title='bbox 580 2321 671 2380; x_wconf 84' lang='lat' dir='ltr'>genus</span> <span class='ocrx_word' id='word_1_124' title='bbox 690 2302 787 2360; x_wconf 76' lang='lat' dir='ltr'>&#39;litim</span> <span class='ocrx_word' id='word_1_125' title='bbox 807 2302 844 2360; x_wconf 88' lang='lat' dir='ltr'>sit</span> <span class='ocrx_word' id='word_1_126' title='bbox 864 2304 1042 2379; x_wconf 83' lang='lat' dir='ltr'>appellatum.</span> 
     </span>
     <span class='ocr_line' id='line_1_19' title="bbox 251 2400 1044 2480; baseline -0.003 -16"><span class='ocrx_word' id='word_1_127' title='bbox 251 2405 317 2464; x_wconf 76' lang='lat'><strong>129.</strong></span> <span class='ocrx_word' id='word_1_128' title='bbox 337 2401 589 2480; x_wconf 85' lang='lat' dir='ltr'>Reprehendenda</span> <span class='ocrx_word' id='word_1_129' title='bbox 602 2411 630 2459; x_wconf 90' lang='lat' dir='ltr'>et</span> <span class='ocrx_word' id='word_1_130' title='bbox 644 2401 693 2458; x_wconf 89' lang='lat' dir='ltr'>illa</span> <span class='ocrx_word' id='word_1_131' title='bbox 704 2400 838 2476; x_wconf 76' lang='lat' dir='ltr'>frequens</span> <span class='ocrx_word' id='word_1_132' title='bbox 851 2411 880 2458; x_wconf 89' lang='lat' dir='ltr'>et</span> <span class='ocrx_word' id='word_1_133' title='bbox 899 2402 1044 2462; x_wconf 85' lang='lat' dir='ltr'>concitata</span> 
     </span>
     <span class='ocr_line' id='line_1_20' title="bbox 249 2498 1043 2576; baseline -0.005 -15"><span class='ocrx_word' id='word_1_134' title='bbox 249 2503 279 2561; x_wconf 92' lang='lat' dir='ltr'>in</span> <span class='ocrx_word' id='word_1_135' title='bbox 306 2513 455 2576; x_wconf 89' lang='lat' dir='ltr'>utramque</span> <span class='ocrx_word' id='word_1_136' title='bbox 481 2509 590 2576; x_wconf 86' lang='lat' dir='ltr'>partem</span> <span class='ocrx_word' id='word_1_137' title='bbox 617 2498 738 2570; x_wconf 83' lang='lat' dir='ltr'>natatio,</span> <span class='ocrx_word' id='word_1_138' title='bbox 759 2517 844 2573; x_wconf 83' lang='lat' dir='ltr'>quarn</span> <span class='ocrx_word' id='word_1_139' title='bbox 864 2499 894 2556; x_wconf 92' lang='lat' dir='ltr'>in</span> <span class='ocrx_word' id='word_1_140' title='bbox 915 2499 1043 2558; x_wconf 86' lang='lat' dir='ltr'>Curione</span> 
     </span>
     <span class='ocr_line' id='line_1_21' title="bbox 249 2596 1042 2676; baseline -0.005 -18"><span class='ocrx_word' id='word_1_141' title='bbox 249 2610 329 2676; x_wconf 88' lang='lat' dir='ltr'>patre</span> <span class='ocrx_word' id='word_1_142' title='bbox 352 2598 439 2656; x_wconf 89' lang='lat' dir='ltr'>irrisit</span> <span class='ocrx_word' id='word_1_143' title='bbox 466 2607 494 2655; x_wconf 89' lang='lat' dir='ltr'>et</span> <span class='ocrx_word' id='word_1_144' title='bbox 520 2596 626 2669; x_wconf 85' lang='lat' dir='ltr'>Julius,</span> <span class='ocrx_word' id='word_1_145' title='bbox 648 2614 788 2671; x_wconf 83' lang='lat' dir='ltr'>quaerens,</span> <span class='ocrx_word' id='word_1_146' title='bbox 809 2597 872 2672; x_wconf 84' lang='lat' dir='ltr'>quis</span> <span class='ocrx_word' id='word_1_147' title='bbox 896 2596 931 2652; x_wconf 88' lang='lat' dir='ltr'>in</span> <span class='ocrx_word' id='word_1_148' title='bbox 957 2597 1042 2654; x_wconf 80' lang='lat' dir='ltr'>lintre</span> 
     </span>
    </p>
   </div>
   <div class='ocr_carea' id='block_1_5' title="bbox 140 2692 1043 2772">
    <p class='ocr_par' dir='ltr' id='par_1_5' title="bbox 140 2692 1043 2772">
     <span class='ocr_line' id='line_1_22' title="bbox 140 2692 1043 2772; baseline -0.003 -19"><span class='ocrx_word' id='word_1_149' title='bbox 140 2715 142 2720; x_wconf 85' lang='lat'><em>·</em></span> <span class='ocrx_word' id='word_1_150' title='bbox 251 2695 430 2772; x_wconf 80' lang='lat' dir='ltr'>loqueretur?</span> <span class='ocrx_word' id='word_1_151' title='bbox 464 2703 493 2750; x_wconf 91' lang='lat' dir='ltr'>et</span> <span class='ocrx_word' id='word_1_152' title='bbox 525 2693 671 2750; x_wconf 85' lang='lat' dir='ltr'>Sicinius:</span> <span class='ocrx_word' id='word_1_153' title='bbox 704 2711 771 2750; x_wconf 91' lang='lat' dir='ltr'>narn</span> <span class='ocrx_word' id='word_1_154' title='bbox 797 2710 873 2764; x_wconf 88' lang='lat' dir='ltr'>curn,</span> <span class='ocrx_word' id='word_1_155' title='bbox 901 2692 1043 2750; x_wconf 81' lang='lat' dir='ltr'>assidente</span> 
     </span>
    </p>
   </div>
   <div class='ocr_carea' id='block_1_6' title="bbox 250 2785 1043 3442">
    <p class='ocr_par' dir='ltr' id='par_1_6' title="bbox 250 2785 1043 3442">
     <span class='ocr_line' id='line_1_23' title="bbox 251 2785 1042 2867; baseline -0.005 -19"><span class='ocrx_word' id='word_1_156' title='bbox 251 2791 372 2867; x_wconf 85' lang='lat' dir='ltr'>collega,</span> <span class='ocrx_word' id='word_1_157' title='bbox 386 2789 434 2864; x_wconf 91' lang='lat' dir='ltr'>qui</span> <span class='ocrx_word' id='word_1_158' title='bbox 450 2797 510 2846; x_wconf 87' lang='lat' dir='ltr'>erat</span> <span class='ocrx_word' id='word_1_159' title='bbox 521 2799 635 2865; x_wconf 87' lang='lat' dir='ltr'>propter</span> <span class='ocrx_word' id='word_1_160' title='bbox 650 2788 839 2846; x_wconf 85' lang='lat' dir='ltr'>valetudinem</span> <span class='ocrx_word' id='word_1_161' title='bbox 852 2796 883 2844; x_wconf 91' lang='lat' dir='ltr'>et</span> <span class='ocrx_word' id='word_1_162' title='bbox 901 2785 1042 2864; x_wconf 81' lang='lat' dir='ltr'>deligatus</span> 
     </span>
     <span class='ocr_line' id='line_1_24' title="bbox 251 2883 1043 2962; baseline -0.001 -18"><span class='ocrx_word' id='word_1_163' title='bbox 251 2897 280 2945; x_wconf 88' lang='lat' dir='ltr'>et</span> <span class='ocrx_word' id='word_1_164' title='bbox 304 2886 434 2962; x_wconf 89' lang='lat' dir='ltr'>plurimis</span> <span class='ocrx_word' id='word_1_165' title='bbox 460 2885 674 2943; x_wconf 75' lang='lat' dir='ltr'>medicamentis</span> <span class='ocrx_word' id='word_1_166' title='bbox 699 2885 851 2955; x_wconf 88' lang='lat' dir='ltr'>delibutus,</span> <span class='ocrx_word' id='word_1_167' title='bbox 872 2883 991 2942; x_wconf 86' lang='lat' dir='ltr'>multum</span> <span class='ocrx_word' id='word_1_168' title='bbox 1010 2903 1043 2943; x_wconf 84' lang='lat' dir='ltr'>se</span> 
     </span>
     <span class='ocr_line' id='line_1_25' title="bbox 251 2979 1042 3058; baseline -0.001 -17"><span class='ocrx_word' id='word_1_169' title='bbox 251 2983 342 3042; x_wconf 85' lang='lat' dir='ltr'>Curio</span> <span class='ocrx_word' id='word_1_170' title='bbox 355 3001 390 3040; x_wconf 88' lang='lat' dir='ltr'>err</span> <span class='ocrx_word' id='word_1_171' title='bbox 402 2999 482 3040; x_wconf 89' lang='lat' dir='ltr'>more</span> <span class='ocrx_word' id='word_1_172' title='bbox 499 2981 642 3058; x_wconf 88' lang='lat' dir='ltr'>jactasset,</span> <span class='ocrx_word' id='word_1_173' title='bbox 655 2981 820 3058; x_wconf 83' lang='lat' dir='ltr'>Nunquam,</span> <span class='ocrx_word' id='word_1_174' title='bbox 835 2979 935 3054; x_wconf 89' lang='lat' dir='ltr'>inquit,</span> <span class='ocrx_word' id='word_1_175' title='bbox 953 2981 1042 3040; x_wconf 84' lang='lat' dir='ltr'>Octo·</span> 
     </span>
     <span class='ocr_line' id='line_1_26' title="bbox 250 3073 1039 3153; baseline -0.001 -17"><span class='ocrx_word' id='word_1_176' title='bbox 250 3077 291 3150; x_wconf 85' lang='lat' dir='ltr'>oi,</span> <span class='ocrx_word' id='word_1_177' title='bbox 305 3075 416 3153; x_wconf 79' lang='lat' dir='ltr'>college</span> <span class='ocrx_word' id='word_1_178' title='bbox 436 3085 484 3134; x_wconf 84' lang='lat' dir='ltr'>tuo</span> <span class='ocrx_word' id='word_1_179' title='bbox 500 3076 629 3151; x_wconf 84' lang='lat' dir='ltr'>gratiam</span> <span class='ocrx_word' id='word_1_180' title='bbox 648 3073 763 3152; x_wconf 78' lang='lat' dir='ltr'>referes,</span> <span class='ocrx_word' id='word_1_181' title='bbox 783 3074 834 3152; x_wconf 81' lang='lat' dir='ltr'>qni</span> <span class='ocrx_word' id='word_1_182' title='bbox 852 3074 910 3131; x_wconf 81' lang='lat' dir='ltr'>nisi</span> <span class='ocrx_word' id='word_1_183' title='bbox 919 3074 1039 3152; x_wconf 80' lang='lat' dir='ltr'>suisset,</span> 
     </span>
     <span class='ocr_line' id='line_1_27' title="bbox 251 3169 1041 3233; baseline -0.005 0"><span class='ocrx_word' id='word_1_184' title='bbox 251 3169 331 3233; x_wconf 74' lang='lat' dir='ltr'>leodic</span> <span class='ocrx_word' id='word_1_185' title='bbox 344 3181 370 3232; x_wconf 90' lang='lat' dir='ltr'>tc</span> <span class='ocrx_word' id='word_1_186' title='bbox 382 3173 448 3230; x_wconf 84' lang='lat' dir='ltr'>istic</span> <span class='ocrx_word' id='word_1_187' title='bbox 460 3189 561 3230; x_wconf 75' lang='lat' dir='ltr'>musco</span> <span class='ocrx_word' id='word_1_188' title='bbox 580 3171 764 3230; x_wconf 82' lang='lat' dir='ltr'>comedissent.</span> <span class='ocrx_word' id='word_1_189' title='bbox 807 3170 870 3228; x_wconf 82' lang='lat'>130.</span> <span class='ocrx_word' id='word_1_190' title='bbox 891 3169 1041 3230; x_wconf 71' lang='lat' dir='ltr'>iactantur</span> 
     </span>
     <span class='ocr_line' id='line_1_28' title="bbox 251 3265 1040 3344; baseline -0.006 -16"><span class='ocrx_word' id='word_1_191' title='bbox 251 3279 281 3329; x_wconf 85' lang='lat' dir='ltr'>et</span> <span class='ocrx_word' id='word_1_192' title='bbox 293 3267 419 3327; x_wconf 89' lang='lat' dir='ltr'>humeri:</span> <span class='ocrx_word' id='word_1_193' title='bbox 440 3267 515 3344; x_wconf 92' lang='lat' dir='ltr'>quod</span> <span class='ocrx_word' id='word_1_194' title='bbox 530 3266 629 3325; x_wconf 85' lang='lat' dir='ltr'>vitium</span> <span class='ocrx_word' id='word_1_195' title='bbox 648 3265 856 3325; x_wconf 81' lang='lat' dir='ltr'>Demosthenes</span> <span class='ocrx_word' id='word_1_196' title='bbox 876 3267 917 3325; x_wconf 86' lang='lat' dir='ltr'>ita</span> <span class='ocrx_word' id='word_1_197' title='bbox 935 3267 1040 3325; x_wconf 89' lang='lat' dir='ltr'>dicitnr</span> 
     </span>
     <span class='ocr_line' id='line_1_29' title="bbox 251 3362 1040 3442; baseline -0.009 -15"><span class='ocrx_word' id='word_1_198' title='bbox 251 3365 426 3440; x_wconf 85' lang='lat' dir='ltr'>emendasse,</span> <span class='ocrx_word' id='word_1_199' title='bbox 447 3376 488 3440; x_wconf 89' lang='lat' dir='ltr'>ut,</span> <span class='ocrx_word' id='word_1_200' title='bbox 509 3383 575 3424; x_wconf 87' lang='lat' dir='ltr'>cum</span> <span class='ocrx_word' id='word_1_201' title='bbox 596 3362 626 3423; x_wconf 91' lang='lat' dir='ltr'>in</span> <span class='ocrx_word' id='word_1_202' title='bbox 649 3375 770 3442; x_wconf 84' lang='lat' dir='ltr'>augusto</span> <span class='ocrx_word' id='word_1_203' title='bbox 789 3363 912 3440; x_wconf 86' lang='lat' dir='ltr'>quodam</span> <span class='ocrx_word' id='word_1_204' title='bbox 931 3363 1040 3440; x_wconf 78' lang='lat' dir='ltr'>pulpito</span> 
     </span>
    </p>
   </div>
   <div class='ocr_carea' id='block_1_7' title="bbox 0 0 1342 4009">
    <p class='ocr_par' dir='ltr' id='par_1_7' title="bbox 0 0 1342 4009">
     <span class='ocr_line' id='line_1_30' title="bbox 0 0 1342 4009; baseline 0 0"><span class='ocrx_word' id='word_1_205' title='bbox 0 0 1342 4009; x_wconf 95' lang='lat' dir='ltr'> </span> 
     </span>
    </p>
   </div>
  </div>
 </body>
</html>
