2675 4009
445 601 870 658 utsu.0uuuuu.utux1.1.
1015 589 1056 652 et

256 759 339 820 rebus
349 761 453 836 gestie,
465 780 514 819 nee
527 760 558 817 in
572 759 625 818 leue
643 777 706 817 mea
724 755 916 818 mediocritate
935 751 1057 829 ingenii,

255 857 330 936 quid
354 857 494 934 despicere
514 857 610 934 poeste
634 855 787 912 Antonius.
836 851 884 911 26.
906 849 946 908 Et
971 848 1058 926 paulo

257 964 321 1031 post
347 955 488 1030 apertius:
514 952 566 1010 Aet
592 951 734 1010 decertare
759 967 861 1008 meeum
880 948 970 1006 uoluit
997 963 1059 1003 eon·

258 1052 381 1110 tentione
406 1049 543 1108 dicendi?
584 1047 651 1106 Hoe
680 1047 791 1126 quidem
817 1043 977 1123 beneficium
1007 1049 1057 1102 est.

261 1146 347 1216 Quid
364 1147 436 1204 em'm
453 1145 575 1222 plenius,
591 1143 663 1222 quid
680 1144 804 1215 uberius,
825 1161 910 1220 quam
930 1140 1010 1214 mitt,
1030 1147 1059 1198 et

253 1261 311 1321 pro
323 1263 374 1314 me,
389 1251 417 1301 et
429 1250 529 1300 eontra
541 1241 699 1300 Antonium
712 1239 825 1298 dicere?

297 1342 346 1399 27.
366 1340 542 1416 Anuguntes
555 1349 585 1396 et
598 1338 650 1409 illi,
658 1338 708 1412 qui
719 1355 750 1395 se
760 1337 904 1414 judicusse
915 1337 951 1394 de
961 1353 1058 1404 causa,

259 1455 316 1496 neu
342 1436 423 1494 aliter
444 1436 581 1494 affuturus
600 1435 689 1493 fuisse
714 1443 885 1510 proponunt.
926 1433 1004 1491 Nam
1030 1441 1060 1491 et

260 1533 343 1594 inviti
354 1533 467 1611 judiees
481 1533 602 1591 audiunt
620 1541 839 1608 praesumeutem
860 1539 955 1607 partes
976 1535 1058 1588 suast

259 1649 314 1690 neu
327 1631 383 1689 hou
396 1629 503 1688 oratori
516 1630 684 1706 contingere
698 1629 771 1686 inter
787 1627 971 1700 adversarios,
983 1625 1060 1703 quod

259 1727 428 1805 Pythagorae
455 1728 529 1785 iuter
556 1726 723 1802 discipulos,
750 1735 853 1802 potest,
880 1725 948 1802 Ipse
975 1723 1058 1783 diete.

260 1825 319 1884 Sed
333 1825 409 1882 istud
422 1824 514 1900 magis
532 1824 663 1880 minusve
676 1822 810 1879 vitiosum
831 1831 874 1880 est
892 1839 946 1898 pru
964 1839 1061 1899 perso·

260 1922 306 1979 uis
319 1921 486 1978 ditantium.
525 1918 575 1977 28.
596 1917 768 1976 Defenditur
789 1919 867 1976 euim
882 1919 1060 1994 aliquatenus

262 2026 355 2086 utute,
376 2015 525 2092 dignitate,
547 2014 733 2071 auctoritate:
762 2033 826 2088 quae
846 2023 942 2071 tamen
962 2015 1010 2072 vix
1029 2015 1059 2072 in

262 2112 323 2168 ullo
334 2120 414 2168 tanta
426 2110 541 2181 suerint,
555 2119 659 2165 utnon
679 2109 735 2165 hoo
757 2109 951 2166 affirmationis
970 2127 1061 2186 genus

262 2205 478 2284 temperandum
493 2206 531 2263 sit
545 2205 640 2280 aliqua
648 2203 854 2278 moderatione,
866 2205 941 2262 siout
954 2205 1060 2279 omnia,

262 2302 292 2360 in
306 2301 409 2376 quibus
421 2310 560 2376 patronus
573 2308 772 2376 argumentum
787 2317 823 2357 ex
842 2317 873 2358 se
893 2299 955 2376 ipso
974 2310 1059 2378 petet.

262 2397 377 2457 Fuisset
396 2397 544 2464 tumidius,
565 2395 590 2454 ui
611 2395 812 2471 accipiendum
841 2395 969 2456 oriminis
995 2398 1061 2457 loco

262 2503 393 2571 negasset
413 2493 529 2565 Cicero,
550 2492 665 2569 Equitio
685 2492 812 2551 Romani
833 2512 895 2552 esse
915 2495 1015 2568 filium,
1030 2515 1061 2554 se

263 2590 453 2648 defendente?
494 2589 536 2646 At
555 2589 604 2647 ille
624 2589 693 2647 seuit
713 2589 769 2647 hou
789 2591 875 2648 etiam
896 2591 1060 2664 favorabile,

264 2686 466 2762 conjungendo
493 2703 560 2742 oum
587 2685 734 2762 judicibus
767 2686 936 2763 dignitatem
971 2707 1060 2746 tuam.

264 2780 386 2857 Equitis
407 2789 499 2838 autem
518 2780 645 2838 Romani
664 2801 722 2839 esse
733 2781 841 2858 filium,
856 2783 983 2840 criminis
1005 2783 1062 2840 loeo

268 2878 340 2954 peni
359 2877 395 2934 ab
416 2878 638 2949 accusatoribus,
658 2897 745 2953 neque
765 2878 841 2936 vetis
858 2877 1061 2954 judicantibus

266 2973 401 3047 oportuit,
421 2993 508 3050 neque
534 2972 745 3049 defendentibus
771 2974 859 3032 nobis.
899 2973 946 3034 29.
967 2974 1063 3052 Impu-

267 3069 347 3138 denn,
361 3069 545 3140 tumultuosa,
567 3070 705 3128 iracunda
725 3070 810 3141 aetio,
832 3071 964 3129 omnibus
985 3073 1064 3131 inde·

267 3183 351 3224 euru:
372 3166 422 3223 sed
434 3177 467 3222 ut
480 3166 600 3241 quisque
613 3177 706 3238 oetate,
721 3166 870 3243 dignitute,
885 3187 939 3225 usu
958 3187 1064 3245 praece·

267 3262 319 3332 dit,
340 3262 431 3339 magis
451 3263 481 3320 in
501 3281 535 3321 ea
548 3263 806 3338 reprehendendus.
848 3263 955 3322 Videas
970 3273 1064 3322 autem

268 3359 405 3420 rixatores
436 3359 576 3436 quosdam
608 3348 703 3434 'neque
732 3359 863 3437 judicum
895 3359 1063 3432 reverentia,
