2675 4009
265 555 308 618 ω
492 564 529 613 Μ.
548 563 618 615 ΓΔΒ.
637 564 843 624 Qulttmmu

265 699 315 774 ᾖ.
336 714 533 774 Ambitiosum
545 715 688 794 gloriandi
708 735 800 794 genus
820 725 873 788 est,
887 715 974 776 etiam
992 715 1067 779 deri-

267 811 345 871 dere.
386 813 434 870 Ab
460 812 523 870 aliis
542 831 612 890 ergo
630 813 789 870 laudemur.
829 813 907 871 Nam
928 813 1013 889 ipsos,
1034 823 1066 886 ut

266 907 477 966 Demosthenes
497 907 546 980 ait,
565 908 733 982 amburere,
753 909 839 967 etima
859 929 920 968 onor
940 909 977 966 ab
997 910 1064 968 aliis

266 1004 456 1076 laudabimur,
466 1005 552 1064 decet.
593 1004 698 1080 Neque
712 1006 768 1064 hoo
782 1005 925 1078 diamasa
941 1006 1066 1081 aliqnan-

266 1101 304 1158 do
330 1100 366 1158 de
391 1101 477 1159 rebus
498 1121 514 1160 a
533 1121 565 1160 se
584 1103 673 1180 gestis
693 1103 798 1162 oratori
817 1121 880 1162 esse
900 1102 1063 1174 dicendum,

266 1199 342 1256 siout
361 1200 455 1258 eidem
482 1201 670 1260 Demostheni
689 1221 742 1278 pro
762 1201 966 1277 Ctesiphonte:
987 1201 1064 1276 quod

266 1305 361 1356 tamen
376 1297 417 1357 ita
429 1298 600 1372 emendavit,
616 1309 647 1357 ut
668 1299 868 1358 nenessitatem
889 1299 919 1356 id
940 1297 1062 1356 faciendi
1078 1308 1083 1312 “

265 1395 438 1468 ostenderet,
452 1396 645 1471 invidiamque
658 1413 772 1460 omnem
787 1395 817 1452 in
830 1413 896 1452 enm
911 1404 1062 1470 regereret,

266 1491 316 1566 qui
336 1492 392 1550 hoo
412 1511 444 1550 se
465 1493 617 1568 coegisset
657 1492 706 1548 23.
728 1491 766 1548 Et
788 1490 829 1548 M.
852 1489 968 1548 Tullius
988 1509 1063 1565 sepe

266 1587 338 1644 dioit
350 1588 387 1644 de
399 1606 533 1662 oppressa
546 1586 743 1662 conjuratione
763 1585 913 1654 omilium
934 1585 985 1642 sed
1005 1605 1064 1642 mo-

266 1682 304 1740 do
323 1682 353 1739 id
373 1682 470 1740 virtuti
490 1692 615 1754 senatus,
636 1682 722 1740 modo
740 1681 924 1758 providentiae
945 1681 1064 1740 deornm

266 1777 467 1836 immortalium
482 1778 615 1855 assignat
657 1778 831 1854 Plerumque
851 1789 951 1838 eontra
971 1778 1064 1838 inimi-

266 1893 317 1932 eos
330 1885 415 1950 atque
427 1876 633 1934 obtrectatores
645 1876 710 1952 plus
723 1876 849 1934 vindicat
868 1875 931 1934 sibi.
973 1876 1063 1934 Erant

266 1971 343 2030 enim
357 1971 473 2044 tuenda,
488 1991 554 2030 oum
569 1973 773 2049 objicerentur.
814 1972 861 2031 24.
883 1971 918 2030 In
932 1971 1063 2030 cumini·

267 2067 322 2126 bns
342 2068 450 2126 utinam
469 2069 655 2145 pepercisset,
677 2088 740 2145 quae
759 2089 818 2128 non
839 2069 984 2128 desierunt
1004 2085 1064 2126 oar·

265 2184 335 2241 pere
348 2165 479 2244 maligni,
568 2205 572 2214 ·

344 2343 360 2370 “
368 2340 466 2388 Cedant
476 2355 544 2388 arma
554 2346 628 2404 toga,
639 2340 759 2387 concedat
770 2339 854 2388 laurea
864 2339 957 2402 lingue
965 2355 972 2399 3
981 2340 996 2360 '’

342 2483 359 2510 ‘⁴
366 2479 390 2526 0
400 2477 551 2526 fortunatam
560 2485 645 2526 natam
655 2493 695 2526 me
706 2479 808 2527 oonsnle
820 2478 939 2538 Romam

267 2650 305 2710 et,
318 2639 415 2698 Jovem
427 2641 515 2711 illam,
524 2659 544 2696 α
556 2658 610 2718 qno
623 2639 655 2696 in
667 2639 814 2698 concilium
824 2639 934 2698 domm
945 2641 1063 2700 αᾱυοοα-

267 2747 334 2804 tarr
355 2747 394 2810 et,
416 2737 587 2809 Mineruam,
607 2756 669 2812 pua
690 2745 766 2794 ortes
786 2756 845 2796 eam
864 2737 978 2796 docuit.-
998 2758 1061 2814 qum

267 2834 322 2890 sibi
348 2835 406 2906 ille,
433 2843 550 2892 seontus
574 2833 704 2908 quadam
730 2831 898 2895 Graeoorum
923 2835 1061 2912 exempla,

267 2930 442 3006 permiserat

305 3026 354 3083 25.
382 3027 491 3084 Verum
504 3026 675 3102 eloquentia,
689 3035 720 3084 ut
734 3026 869 3086 indecora
879 3026 1007 3104 jactatis,
1022 3027 1063 3086 ita

268 3140 472 3196 nonnunquam
486 3123 672 3182 concedenda
684 3123 790 3182 fiducia
809 3133 859 3182 est.
901 3123 978 3182 Nam
999 3124 1062 3199 quis

268 3217 457 3296 reprehendat
481 3219 561 3276 haeor
604 3218 689 3288 Quid
713 3224 832 3296 patera?
866 3228 1062 3278 contemtorem

267 3319 332 3376 rra?
371 3313 1062 3396 Nonvidromriuvira,motrgrarta‚mts
