2675 4009
268 571 310 636 ot
490 585 528 633 ss.
545 583 616 632 ras.
635 583 840 640 umnnuraur

271 730 456 792 Hortensium
469 732 595 808 tradidit,
605 753 669 811 quae
682 732 886 811 cogitaverunt,
898 733 934 792 ad
946 733 1064 793 verbum

271 827 301 887 iu
316 830 427 907 agendo
439 829 576 888 retulisse.

219 897 262 970 50
309 926 337 982 5.
365 925 424 982 Sed
437 925 461 983 si
475 926 547 984 forte
567 925 668 1002 aliquis
689 926 762 985 inter
782 925 934 984 dicendum
954 924 1065 984 effulse-

271 1021 309 1079 rit
328 1023 527 1098 extemporalis
545 1023 634 1097 solor,
648 1043 708 1083 uon
727 1024 919 1102 superstitiose
933 1023 1064 1102 eogitatis

272 1117 387 1176 demum
407 1128 451 1176 est
476 1119 681 1180 inherendum.
721 1121 826 1197 Neque
852 1121 928 1180 enim
955 1130 1065 1178 tautum

272 1213 377 1272 habeut
391 1233 478 1288 oure,
492 1227 594 1275 utnon
607 1217 768 1276 sitdandus
787 1229 816 1276 et
836 1217 953 1275 sortunae
973 1217 1065 1288 locus,

272 1328 339 1370 oum
353 1332 428 1390 saepe
440 1313 527 1372 etiam
540 1315 654 1392 seriptis
666 1333 711 1388 ea,
725 1334 788 1391 que
802 1314 897 1372 subito
909 1325 976 1372 nata
989 1323 1065 1386 sunt,

215 1448 219 1452 -
272 1408 442 1470 inserantur.
495 1408 622 1486 Ideoque
648 1421 740 1469 totum
772 1411 828 1468 hoo
856 1409 1067 1468 exercitationis

272 1525 363 1584 genus
376 1507 417 1565 ita
429 1506 634 1565 instituendum
648 1517 700 1578 est,
715 1515 787 1564 utet
800 1505 910 1582 digredi
924 1523 960 1562 ex
979 1523 1024 1577 eo,
1038 1515 1068 1562 et
1149 1563 1150 1566 ,

272 1603 385 1680 regredi
398 1603 428 1660 in
442 1602 471 1660 id
486 1601 569 1659 facile
578 1601 727 1678 possimus.
767 1602 795 1660 6.
816 1600 893 1659 Nam
904 1600 1067 1676 utprimum

272 1708 325 1771 est,
339 1699 425 1756 domo
438 1697 537 1755 afferre
548 1708 676 1773 paratam
689 1697 804 1755 dicendi
824 1697 946 1774 sopiam,
960 1709 989 1756 et
1008 1716 1069 1756 oer-

272 1804 350 1859 tam:
371 1794 411 1853 itu
423 1793 546 1852 refutare
558 1793 694 1870 temporis
707 1813 826 1852 munera
839 1793 925 1872 longe
939 1795 1069 1854 stultissi-

273 1911 352 1951 mum
364 1901 415 1950 est.
455 1889 558 1953 Quare
571 1891 708 1967 cogitatio
722 1890 751 1949 in
765 1891 821 1950 hoo
839 1903 1022 1968 preparetur,
1037 1901 1069 1950 ut

272 2008 325 2048 nos
346 1989 459 2047 fortuna
478 1988 611 2064 decipere
630 2007 689 2046 non
708 1988 807 2065 possit,
822 1989 953 2066 adjuvare
971 1989 1067 2066 possit.

273 2085 308 2144 Id
322 2097 416 2144 outem
429 2084 478 2143 fiet
497 2084 641 2144 memoriae
654 2085 772 2159 viribus,
786 2096 818 2144 ut
838 2085 896 2158 illo,
911 2105 973 2162 quse
993 2105 1071 2144 oom-

272 2182 349 2261 piexi
363 2183 459 2241 auimo
472 2202 580 2256 sumus,
594 2182 685 2241 fluant
698 2202 808 2256 seeura,
819 2203 877 2240 nou
891 2183 1028 2240 sollicitos
1041 2192 1071 2240 et

274 2279 468 2356 respicientes,
488 2289 518 2337 et
538 2299 595 2337 rrna
614 2299 664 2356 spe
684 2298 836 2355 suspensos
855 2278 1069 2350 reeordationis,
1092 2275 1095 2281 '

274 2393 333 2433 nou
353 2375 448 2432 sinant
466 2375 632 2450 providere:
661 2375 766 2450 alioqui
786 2375 830 2432 vel
851 2373 1071 2450 extemporalem

275 2470 464 2528 temeritatem
479 2469 562 2542 mulo,
574 2489 659 2545 quam
673 2470 747 2528 male
760 2469 951 2527 oohaereutem
964 2469 1072 2547 eogita-

276 2566 393 2624 tiouem.
433 2567 460 2623 7.
481 2564 569 2642 Pejus
588 2565 665 2622 euim
686 2565 819 2641 queritur
841 2575 989 2638 retrorsus,
1005 2565 1072 2642 quia

277 2663 346 2722 dum
366 2663 416 2721 illa
435 2661 638 2734 desideramus,
660 2663 696 2719 ab
717 2662 779 2720 eliis
800 2661 967 2720 avertimur:
988 2672 1017 2720 et
1037 2681 1072 2720 ex

277 2759 415 2820 memoria
445 2759 541 2836 potius
572 2759 735 2835 repetimus,
759 2777 844 2835 quam
877 2777 912 2818 ex
944 2759 1070 2818 materia.

277 2856 366 2916 Plura
389 2867 455 2916 suut
475 2867 579 2929 sutem,
599 2855 624 2914 si
643 2865 796 2932 utrumque
816 2857 999 2933 querendum
1019 2867 1071 2929 eat,

278 2971 342 3030 quae
355 2953 475 3013 inveniri
487 2961 616 3032 possunt,
630 2971 716 3028 quam
729 2972 791 3029 que
806 2953 919 3012 inventa
932 2963 1006 3012 sunt.

318 3145 385 3205 VH.
412 3145 557 3205 Maximus
575 3165 643 3205 vero
662 3146 822 3205 studiorum
842 3147 951 3204 fruetus
970 3157 1022 3218 est,
1043 3156 1072 3204 et

280 3244 357 3304 velut
367 3243 516 3322 premium
530 3243 672 3320 quoddam
687 3245 891 3322 amplissimum
904 3244 983 3322 longi
995 3243 1072 3302 labo·
