2675 4009
473 611 884 662 mussemutinae
1035 605 1077 664 tt

284 775 352 817 vero
371 761 470 819 saltem
490 763 536 834 iis,
557 764 661 837 quibus
682 763 717 822 ad
736 763 869 822 evitanda
888 761 956 820 vitie
973 763 1076 840 judicii

284 856 428 930 satisfuit,
442 860 566 916 sufficiat
586 859 740 937 imaginem
760 861 870 918 virtutis
890 860 1032 936 effingere,
1048 870 1077 918 ct

284 953 383 1025 solnm,
397 964 430 1011 ut
442 955 485 1012 sic
498 955 627 1028 dixerim,
642 967 748 1029 cutem,
762 958 806 1015 vel
819 955 914 1034 potius
928 956 990 1014 illus
1010 955 1077 1031 Epi-

285 1049 348 1105 curi
380 1050 495 1126 figuras,
523 1069 594 1126 quas
626 1071 643 1109 e
669 1053 788 1110 summis
814 1053 980 1129 corporibus
1006 1051 1076 1110 dicit

284 1145 407 1202 effluere.
451 1147 495 1203 16.
516 1146 583 1203 Hoc
598 1157 692 1204 autem
706 1148 750 1205 his
765 1149 880 1220 accidit,
894 1149 942 1224 qui
956 1167 1014 1206 non
1034 1149 1076 1207 in·

283 1240 435 1314 trospectis
456 1242 570 1316 penitus
590 1243 749 1314 virtutibus,
765 1244 799 1300 ed
819 1245 940 1319 primum
956 1263 986 1302 se
999 1245 1076 1303 velut

285 1345 430 1410 aspectum
443 1338 579 1395 orationis
594 1347 740 1414 aptarunt:
762 1351 791 1396 et
814 1357 879 1395 cum
901 1340 936 1396 iis
949 1341 1077 1398 felicissi-

282 1449 330 1488 me
342 1431 428 1489 cessit
441 1432 573 1506 imitatio,
587 1433 681 1492 verbis
696 1443 779 1510 atque
792 1433 919 1490 numeris
935 1445 1001 1490 sunt
1019 1453 1077 1492 non

281 1529 404 1587 multum
430 1530 602 1603 differentes,
622 1531 680 1588 vim
701 1530 815 1588 dicendi
837 1539 921 1605 atque
941 1529 1077 1588 inventio·

281 1625 326 1684 nis
340 1643 399 1684 non
420 1638 618 1703 assequuntur,
639 1628 688 1686 sed
709 1628 876 1704 plerumque
890 1627 1034 1685 declinant
1047 1627 1077 1684 in

282 1723 375 1799 pejus,
389 1732 418 1782 et
430 1725 560 1801 proxima
572 1725 724 1782 virtutibus
737 1725 807 1782 vitia
821 1723 1075 1800 comprehendunt,

280 1819 409 1895 fiuntque
421 1839 473 1896 pro
486 1820 642 1896 grandibus
661 1821 773 1891 tumidi,
787 1821 891 1896 pressis
912 1819 1078 1901 exilesfor-

280 1916 357 1973 tibus
383 1917 537 1987 temerarii,
557 1916 631 1973 laetis
657 1915 794 1991 corrupti,
816 1911 986 1990 comptisltli'
1001 1915 1078 1972 exul·

283 2022 387 2082 tentes,
401 2012 580 2086 simplicibus
593 2012 779 2088 negligentes.
822 2014 866 2068 17.
888 2011 1014 2086 Ideoque
1028 2011 1077 2084 qui

282 2107 398 2166 horride
419 2117 503 2180 atque
523 2107 713 2180 incomposite
733 2106 888 2179 quamlibet
911 2106 981 2162 illud
1002 2105 1078 2180 frigi-

282 2204 395 2261 dumet
418 2203 504 2260 inane
526 2202 698 2273 extulerunt,
714 2200 838 2275 antiquis
859 2218 890 2256 se
913 2218 995 2275 pares
1019 2217 1077 2257 cre-

282 2301 370 2358 dunt:
396 2299 446 2376 qui
466 2311 565 2357 carent
585 2298 665 2356 cultu
688 2307 772 2372 atque
792 2297 951 2368 sententiis,
972 2295 1079 2354 Atticis

284 2399 413 2457 scilicet:
447 2397 497 2472 qui
528 2395 658 2473 praecisis
691 2394 925 2453 conclusionibus
951 2391 1077 2465 obscuri,
1145 2455 1148 2464 Δ

283 2497 450 2554 Sallustium
471 2504 556 2570 atque
575 2491 778 2569 Thucydidem
806 2501 957 2567 superant:
984 2491 1080 2548 tristes

284 2611 320 2655 ac,
335 2593 424 2670 jejuni
437 2591 597 2649 Pollionem
616 2590 802 2647 aemulantur:
823 2588 906 2646 otiosi
926 2599 955 2646 et
974 2587 1079 2663 supini,

284 2691 308 2748 si
323 2691 390 2766 quid
403 2688 489 2746 modo
508 2687 623 2764 longius
642 2685 905 2760 circumduxerunt,
923 2684 1019 2759 jurant
1040 2683 1079 2740 ita

284 2787 455 2845 Ciceronem
466 2785 629 2842 locuturum
639 2783 754 2846 suissed
768 2781 821 2840 MS.
843 2780 986 2838 Noveram
998 2797 1080 2854 quos·

286 2883 361 2954 dam,
373 2883 463 2958 quise
475 2881 595 2958 pulchre
608 2879 779 2955 expressisse
793 2897 883 2955 genus
897 2876 967 2933 illud
981 2877 1079 2934 coeles·

286 2973 324 3034 tis
343 2979 427 3054 hujus
448 2979 478 3035 in
505 2977 629 3034 dicendo
654 2975 709 3033 viri
736 2975 790 3032 sibi
810 2974 982 3045 viderentur,
1003 2973 1028 3031 si
1048 2973 1078 3030 in

216 3142 219 3151 ⁴
288 3073 592 3148 clausulaposuissent,
603 3072 678 3130 Esse
687 3071 826 3130 videatur.
867 3069 945 3147 Ergo
956 3071 1078 3146 primurn

288 3179 340 3241 est,
354 3179 395 3240 ut,
410 3171 485 3244 quod
499 3169 659 3227 imitaturus
679 3178 723 3227 est
743 3167 871 3244 quisque,
886 3166 1035 3243 intelligat,
1050 3175 1079 3223 et

289 3284 376 3344 quare
401 3266 508 3322 bonurn
534 3265 580 3336 sit,
607 3266 688 3324 sciat.
729 3264 808 3324 Tum
835 3263 865 3325 in
891 3260 1074 3340 suscipiendo
1170 3269 1176 3282 ·

288 3383 376 3424 onere
398 3362 529 3425 consulat
548 3379 615 3422 suus
634 3362 716 3422 vires.
