2675 4009
423 595 505 642 msr.
524 595 660 644 οιιτοι.
681 595 743 643 mr.
761 596 805 648 xc
822 597 844 642 ι.
971 589 1029 648 105

237 763 383 806 memorre
408 746 498 804 cural
550 745 598 804 26.
624 745 703 804 Nam
728 745 872 821 quomodo
897 755 1030 822 polorum

236 842 371 919 copulata
384 841 482 907 fluere,
496 841 522 898 si
534 851 646 918 propter
660 843 775 919 cingulo
787 843 873 900 rerba
886 841 921 900 ad
934 842 1030 918 cingu-

235 938 279 998 las
306 939 410 996 lormcs
429 937 640 1013 respiciendum
658 939 734 997 erill
772 939 874 1002 Quare
892 949 921 997 ot
941 939 1030 998 Char·

235 1034 335 1094 madcs
348 1045 376 1092 ct
391 1033 536 1110 Scepsius,
545 1033 581 1091 de
594 1053 651 1108 quo
664 1035 751 1092 modo
760 1035 829 1106 diri,
838 1034 1029 1106 Metrodoron,

235 1150 310 1206 quor
336 1131 442 1189 Cicero
462 1129 534 1188 dicit
559 1149 627 1188 usos
652 1131 708 1188 hoc
733 1132 947 1204 exercitatione,
973 1131 1030 1191 eibi

236 1227 362 1286 habeant
387 1245 455 1284 oua:
483 1244 536 1284 nos
562 1226 737 1302 simpliciora
761 1227 912 1286 credamus.

276 1324 325 1382 27.
353 1323 387 1382 si
413 1323 526 1400 longior
553 1322 769 1399 complectendo
789 1324 927 1383 memorie
945 1325 1030 1386 suerit

237 1421 339 1488 oratio,
352 1421 479 1498 proderit
491 1439 542 1497 per
555 1431 648 1497 partes
661 1421 806 1479 ediscere:
826 1420 935 1478 laborat
951 1422 1031 1480 enim

237 1519 361 1578 maxime
373 1537 477 1578 onere:
497 1529 527 1578 et
540 1519 584 1578 he
597 1531 692 1595 portes
704 1538 763 1578 noo
776 1519 834 1578 cim
852 1518 1030 1597 perexiguo:

236 1615 343 1692 alioqui
357 1635 454 1674 rurrus
467 1617 563 1676 multae
577 1626 669 1689 erunt,
684 1625 714 1674 et
726 1635 788 1675 cam
802 1616 979 1694 distinguent
992 1625 1033 1676 cle

237 1730 292 1788 quc
307 1713 468 1772 concident.
508 1712 575 1770 Nec
588 1713 687 1788 utique
707 1723 816 1773 certum
835 1712 1031 1789 imperaverim

237 1808 363 1882 modum,
378 1809 428 1868 sed
442 1809 563 1866 maxime
577 1818 609 1866 ut
622 1809 743 1884 quisque
755 1809 869 1868 finietur
882 1810 979 1868 loom:
999 1809 1031 1868 ni

238 1904 310 1964 sorte
342 1914 401 1964 tam
433 1923 612 1975 numerosus,
639 1915 673 1962 ut
704 1905 766 1980 ipso
796 1924 911 1980 quoque
941 1905 1032 1966 dividi

234 1999 348 2058 debeor,
388 2000 436 2058 28.
458 1999 554 2058 Dandi
569 2010 635 2056 runt
649 2000 721 2058 certi
734 2001 850 2075 quidam
863 2002 987 2072 termini,
1000 2012 1032 2060 ut

238 2105 403 2154 contextum
430 2097 590 2166 verborum,
611 2095 660 2170 qui
686 2106 731 2154 est
749 2096 945 2167 difficillimus,
965 2115 1033 2156 oon·

238 2192 332 2250 tinuet
358 2193 460 2250 crebre
485 2191 643 2262 meditatio,
669 2204 765 2268 portes
796 2192 932 2268 deinceps
958 2193 1033 2269 ipm

239 2288 376 2366 repetitus
396 2289 467 2346 ordo
493 2288 656 2365 conjungat„
693 2288 767 2365 ¹Non
792 2299 837 2348 cot
855 2289 965 2362 murm,
985 2290 1032 2362 iic,

239 2405 302 2462 qum
328 2386 473 2444 difficilius
494 2385 629 2456 horreant,
651 2386 760 2461 aliquo
779 2405 922 2462 opponere
940 2398 1032 2456 notro,

240 2503 359 2560 quarum
385 2483 546 2542 recordatio
573 2493 755 2540 commonent
778 2493 809 2540 el
827 2483 909 2558 quari
928 2484 1033 2543 excitet

240 2581 413 2640 memoriam.
453 2581 501 2639 29.
523 2579 619 2638 Nemo
645 2580 731 2638 etiam
758 2579 817 2638 fere
843 2591 901 2638 tam
925 2580 1033 2652 infelix,

241 2689 281 2749 ut,
296 2678 373 2754 quod
394 2679 499 2752 cuique
517 2666 584 2736 loco
604 2677 717 2754 signum
737 2659 930 2748 deeliomerit,
943 2679 1035 2736 cerci·

243 2784 284 2832 ct:
311 2785 353 2846 ut,
374 2775 398 2832 si
419 2774 473 2832 erit
493 2774 590 2832 tardus
611 2775 645 2830 ad
666 2775 732 2844 hoo,
753 2792 788 2830 eo
808 2791 921 2848 quoque
941 2773 1035 2830 adhuc

243 2870 368 2928 remedio
394 2880 500 2940 utatur,
527 2880 559 2928 ut
585 2870 652 2945 iosae
679 2870 805 2928 excitent
829 2880 913 2928 noto.
968 2869 1036 2928 Hoc

244 2965 319 3024 enim
333 2976 376 3023 ost
389 2985 425 3024 ex
438 2966 487 3024 illc
508 2976 566 3024 arte
586 2985 644 3024 non
665 2966 776 3036 inutile,
791 2966 936 3024 attendere
954 2966 1036 3044 rigna

246 3062 280 3120 od
301 3080 359 3133 eor,
374 3063 424 3138 qui
445 3061 592 3132 excidunt,
607 3082 725 3120 sensus:
747 3082 888 3133 ancoram,
901 3074 934 3120 ut
952 3082 1038 3140 supra

244 3158 335 3235 posui,
350 3159 374 3216 si
388 3159 424 3216 de
437 3178 509 3218 navo
523 3159 677 3216 dicendum
691 3169 782 3217 emet:
802 3161 949 3236 spicudm,
963 3161 987 3218 si
1001 3160 1037 3217 de

245 3257 352 3333 proelio.
398 3257 445 3316 30.
472 3256 597 3317 Multum
617 3257 694 3316 enim
714 3258 797 3335 cigno
816 3259 934 3331 faciunt,
954 3268 1038 3316 etex

245 3354 301 3414 clia
313 3353 452 3416 memorio
464 3355 542 3414 verrit
554 3354 626 3414 clia:
647 3365 680 3414 ut
692 3374 760 3414 cum
779 3357 931 3414 translatus
951 3371 1039 3412 cono·
