2675 4009
439 595 521 642 msr.
540 593 677 642 carros.
697 593 758 640 ma.
777 591 820 640 xr.
840 593 861 638 r.
1008 583 1048 642 95

253 742 340 802 ruodo
353 743 488 804 decenter
501 744 564 802 tieri
575 744 675 819 possit,
690 743 823 819 equidem
843 759 902 800 nou
922 739 1047 813 invenio,

252 839 311 898 nisi
325 841 431 916 aliquid
444 841 593 918 reperitur,
605 841 681 915 quod
695 840 815 912 intersit,
824 857 955 915 persona,
967 846 1047 908 retas,

253 945 368 1014 tempus,
383 957 481 1009 carten,
502 938 587 1008 brus,
608 938 725 995 unimus.
766 937 813 994 80.
835 935 955 993 Tubero
971 934 1050 1011 juve·

252 1052 321 1091 nem
334 1052 366 1091 se
378 1034 452 1109 patri
466 1033 592 1104 haesisse,
606 1032 688 1090 illum
703 1051 719 1090 a
732 1042 832 1090 senatu
851 1032 970 1090 missum
990 1049 1049 1088 non

254 1130 291 1187 ad
304 1129 421 1201 bellum,
435 1129 485 1186 sed
500 1129 535 1186 ad
549 1129 722 1186 frumentum
742 1129 933 1187 coemendum
954 1127 1003 1196 ait,
1017 1137 1050 1184 ut

250 1225 378 1300 primum
390 1224 513 1296 licuerit,
529 1243 546 1281 a
564 1224 693 1300 partibus
712 1224 880 1282 recessisse:
901 1224 1049 1300 Ligarium

254 1330 284 1378 et
309 1339 512 1396 perseverasse,
533 1330 563 1378 et
582 1339 640 1378 non
659 1339 713 1396 pro
732 1319 787 1376 On.
808 1318 955 1394 Pompeio,
976 1320 1050 1377 inter

254 1435 340 1492 quem
353 1427 382 1475 et
395 1418 538 1476 Cesarem
550 1417 701 1494 dignitatis
714 1416 799 1474 suerit
813 1415 968 1486 contentio,
983 1433 1050 1472 cum

254 1513 361 1572 sairam
374 1525 493 1590 uterque
505 1514 712 1592 rempublicam
725 1513 819 1584 vellet,
834 1512 884 1570 sed
901 1529 954 1587 pro
974 1511 1052 1568 Juba

255 1621 340 1685 atque
350 1610 429 1668 Afris
442 1611 649 1669 inimicissimis
660 1610 768 1686 populo
781 1609 917 1667 Romano
930 1608 1049 1666 stetisse.

253 1705 301 1762 81.
322 1705 457 1764 Ceterum
471 1707 515 1764 rel
529 1705 699 1764 facillimum
719 1715 771 1776 est,
786 1704 827 1762 ibi
848 1703 969 1762 alienam
991 1702 1051 1760 cul·

215 1821 238 1858 e
254 1820 321 1876 pam
340 1802 482 1873 incusare,
496 1802 547 1858 ubi
567 1801 665 1859 fateris
685 1811 772 1858 tuam¹
813 1801 923 1858 Verum
943 1799 972 1856 id
990 1799 1050 1875 jam

255 1896 361 1954 indicis
374 1907 427 1968 est,
441 1915 500 1952 non
514 1896 627 1953 actoris.
666 1895 758 1956 Quod
772 1895 796 1952 si
809 1896 888 1953 nulla
908 1895 1051 1972 contingit

256 1996 411 2064 excusatio,
426 1993 488 2050 sola
500 1994 626 2050 colorem
638 1993 725 2050 habet
737 1993 912 2068 poenitentia.
940 1993 1051 2050 .Potest

256 2089 333 2148 enirn
347 2088 436 2146 videri
449 2088 518 2145 satis
531 2089 707 2159 emendatus,
722 2088 771 2163 qui
785 2088 815 2145 in
828 2088 925 2146 odium
940 2106 1049 2156 eorum,

257 2185 287 2242 iu
300 2184 404 2260 quibus
417 2194 567 2254 erraverat,
576 2183 637 2259 ipse
648 2201 802 2240 conversus
815 2193 866 2240 est.
906 2183 954 2240 82.
977 2183 1051 2240 Sunt

257 2281 333 2340 enim
348 2281 474 2356 quidam,
489 2281 539 2355 qui
551 2281 608 2337 hoc
627 2289 731 2337 natura
751 2279 812 2355 ipsa
831 2279 874 2338 rei
893 2297 952 2336 non
973 2279 1051 2337 inde·

256 2397 327 2437 cens
339 2378 462 2436 saciant:
483 2388 515 2434 ut
528 2396 594 2434 curn
614 2387 694 2452 pater
715 2395 751 2434 ex
769 2377 920 2434 meretrice
940 2387 1048 2449 natum,

256 2475 334 2550 quod
353 2474 465 2533 duxerit
483 2474 664 2532 meretricem
684 2473 714 2532 in
735 2473 957 2546 matrimonium,
973 2474 1050 2532 abdi-

256 2581 312 2630 cat
353 2571 533 2630 Scholastica
544 2570 673 2642 materia,
680 2570 730 2627 sed
743 2589 812 2642 non,
821 2589 884 2646 quin
893 2589 950 2628 non
961 2571 1050 2647 possit

259 2667 397 2724 accidere.
438 2667 496 2724 Hic
507 2667 594 2744 igitur
604 2667 695 2724 multa
707 2685 766 2723 non
780 2657 945 2723 deformiter
957 2666 1048 2724 dicet:

258 2763 302 2820 rel
316 2763 392 2837 quod
405 2763 533 2820 omnium
546 2764 583 2820 sit
596 2773 694 2820 votum
707 2772 867 2838 parentum,
881 2771 913 2818 ut
927 2761 1051 2819 honesti·

259 2876 332 2930 ores,
347 2878 432 2933 quam
444 2859 502 2916 sint
515 2859 578 2935 ipsi,
592 2860 698 2917 liberos
713 2859 836 2916 habeant
851 2856 932 2934 (nam
945 2867 973 2915 et
993 2857 1052 2916 filiu

258 2964 334 3026 nata,
343 2955 476 3012 meretrix
488 2973 552 3012 eam
565 2965 653 3014 mater
665 2954 802 3031 pudicam
815 2973 877 3012 esse
890 2954 1050 3035 voluisset),

259 3050 302 3108 rel
329 3051 405 3125 quod
431 3051 565 3109 humilior
592 3051 651 3128 ipse
679 3052 764 3110 suerit
785 3050 867 3128 (licet
892 3051 969 3109 enim
996 3052 1053 3110 hoc

259 3147 380 3226 dicere),
406 3148 451 3204 vel
484 3146 561 3222 quod
593 3165 652 3206 non
685 3148 816 3206 babuerit
848 3157 967 3224 patrem,
1002 3147 1052 3223 qui

258 3254 402 3301 moneret:
432 3243 479 3301 83.
501 3243 570 3317 quin
590 3261 626 3301 eo
645 3245 739 3302 miuus
760 3245 789 3302 id
809 3244 972 3302 faciendum
993 3244 1053 3300 filio

251 3336 353 3415 'brinta
360 3359 398 3400 ne
406 3350 554 3401 renovaret
566 3340 669 3400 domus
680 3342 818 3419 pudorem
832 3351 861 3402 et
873 3342 1054 3420 exprobraret
