2675 4009
451 593 873 644 msn.onrrunn1s.xna
999 577 1057 648 m

267 765 272 776 ’
307 743 370 804 150.
398 743 536 818 Primum,
551 744 718 824 quinam
728 763 804 822 qnos,
818 743 919 821 quium
933 763 1055 822 perere·

266 840 341 900 tibus
367 841 405 900 sit
432 853 556 900 noturus.
596 842 626 900 N
629 863 673 900 arn
692 853 723 899 nt
742 841 839 898 disere
859 841 914 899 alia
934 842 1005 913 aliis,
1024 851 1055 901 et

266 938 340 1013 apud
355 939 426 996 alios
439 938 530 1016 magis
544 955 710 1000 eoncessum
724 947 780 993 est:
794 937 838 994 sio
850 937 936 995 etiarn
950 938 1051 1007 faeere.

264 1031 369 1109 Neque
401 1035 501 1092 eadem
535 1036 566 1093 in
598 1053 677 1104 rone,
709 1043 799 1108 gestu,
827 1034 950 1106 incessu,
978 1034 1053 1110 apurl

263 1130 432 1206 prinoipem,
460 1141 598 1200 senatum,
624 1128 768 1205 populum,
790 1130 977 1206 magistratus,
996 1131 1055 1206 prii

264 1235 338 1298 vato,
352 1228 469 1304 publioo
479 1226 597 1306 jndiolo,
610 1223 808 1299 postulatione,
823 1226 935 1284 actione
953 1227 1053 1285 simili·

263 1331 306 1380 tsr
333 1323 445 1382 deoent.
494 1325 595 1384 Quam
617 1319 805 1376 differentiam
830 1321 971 1398 subjioere
995 1323 1050 1382 sibi

264 1418 393 1495 quisque,
407 1422 462 1496 qui·
470 1419 593 1475 animum
608 1415 770 1484 intenderit,
783 1409 884 1492 potest

271 1523 274 1531 “
303 1517 368 1574 151.
396 1517 473 1573 Τιιπι
499 1531 554 1588 qua
580 1512 616 1570 de
642 1529 675 1570 re
694 1512 780 1584 dieat,
802 1523 831 1571 et
850 1514 963 1572 effioere
982 1513 1050 1590 quirl

261 1612 336 1670 velit.
376 1611 433 1670 Rei
454 1608 628 1686 quadruplex
646 1601 807 1668 observatio
832 1620 883 1668 est.
930 1611 994 1669 Uro
1019 1611 1050 1670 in

261 1718 320 1767 tota
339 1719 431 1765 oausa'.
472 1706 547 1762 Sunt
566 1706 641 1764 enirn
662 1706 766 1779 tristes,
782 1707 894 1780 hilares,
907 1707 1048 1780 sollieitu,

260 1821 375 1872 moure,
389 1801 520 1877 grandes,
534 1801 660 1877 pusillae3
682 1804 771 1860 utrix
785 1823 909 1880 unquam
921 1806 961 1864 ita
973 1805 1051 1862 solli·¹

260 1898 340 1958 eitari
353 1896 480 1972 partibus
494 1885 592 1954 aarum
605 1897 769 1969 debeamus,
779 1909 879 1956 utnon
889 1910 919 1958 et
931 1909 1053 1959 summas

258 1992 478 2054 meminerimus.
521 1993 586 2050 152.
608 1992 723 2066 Altera,
737 2013 800 2069 quae
813 2005 856 2052 est
870 1995 900 2051 in
919 1996 1054 2053 differem·

257 2090 297 2146 tia
309 2087 442 2164 partium,
456 2087 531 2146 utin
545 2088 694 2163 prooemio,
715 2089 886 2160 narratione,
902 2107 1049 2166 argumen-

257 2183 373 2255 tatione,
394 2183 516 2260 epilogo.
563 2183 664 2240 Tertia
690 2184 721 2241 in
747 2184 894 2242 sententiis
919 2185 997 2261 ipsis,
1017 2185 1048 2243 ia

256 2278 360 2356 quibus
373 2280 533 2338 seeundum
546 2297 592 2338 res
605 2290 635 2338 et
649 2281 767 2338 affectus
780 2280 923 2338 variantur
942 2281 1047 2340 omnia
1142 2345 1145 2352 ,

258 2377 378 2447 Quarto
392 2377 421 2434 in
435 2376 538 2449 verbis,
548 2395 669 2452 qnorum
682 2387 714 2434 ut
727 2387 770 2435 est
779 2377 889 2449 vitiosa,
895 2378 921 2435 si
935 2378 1048 2437 ellioere

254 2473 351 2532 omnia
371 2473 500 2546 velimus,
515 2473 652 2532 imitatio:
675 2474 714 2532 ita
734 2474 902 2548 quibusdam
921 2475 978 2534 nisi
997 2492 1053 2535 sua·

253 2580 356 2630 natura
367 2570 504 2642 redditur,
518 2571 560 2628 vie
573 2571 667 2629 omnis
681 2572 813 2630 aufertur.

296 2669 361 2726 lou.
389 2667 481 2744 Igitur
502 2668 532 2725 in
552 2668 774 2740 laudationibus,
795 2669 896 2726 nisisi
916 2669 1051 2727 funebres

254 2774 348 2839 erunt,
362 2764 516 2842 gratiarum
537 2765 659 2836 notione,
680 2765 883 2837 exhortatione,
897 2764 1052 2833 similibus,

254 2861 321 2920 laeta
331 2871 360 2919 et
372 2861 524 2938 magnilioa
537 2871 566 2918 et
578 2861 708 2918 sublimis
720 2871 764 2918 est
777 2861 860 2918 sotio
901 2859 1053 2920 Funebres·

254 2958 422 3030 oonoionee,
443 2957 662 3029 consolationes,
682 2959 850 3034 plerumque
875 2975 968 3016 oense
986 2976 1048 3017 reo·

253 3073 329 3126 rum,
343 3054 438 3112 tristes
452 3064 536 3129 atque
555 3054 720 3112 summisse.
761 3052 795 3111 ln
815 3064 915 3112 senatu
934 3073 1047 3114 oonser·

254 3151 348 3209 nanda
369 3151 533 3222 auotoritas,
548 3149 621 3226 apud
640 3150 776 3226 populum
795 3149 928 3228 dignitus,
942 3152 972 3210 in
990 3151 1047 3227 pri·

254 3247 329 3305 vatis
342 3247 451 3306 modus.
485 3246 531 3305 De
544 3247 672 3323 partibus
679 3265 782 3320 oausae,
791 3256 820 3306 et
832 3247 979 3306 sententiis
986 3263 1047 3304 rer·

255 3342 368 3422 bisque,
381 3363 445 3422 qun
465 3353 531 3403 runt
550 3341 728 3422 multiplicia,
740 3344 871 3423 pluribus
880 3341 1044 3404 disemum

493 3437 556 3500 lu·
