2675 4009
281 571 318 631 14
500 579 536 626 rr.
553 579 623 627 ran.
642 577 849 636 qurnmnrrm

279 749 378 788 eorum
391 730 555 809 legentibus
566 731 692 808 plaeere,
707 749 793 807 quam
807 731 897 790 multa
915 729 1077 808 displicere,

278 829 437 887 maluerim.
577 818 578 821 ¹

316 928 364 984 27.
391 927 551 984 Plurimum
561 926 632 984 dioit
642 936 747 984 oratorr
758 926 888 984 conferre
897 926 1078 1002 Theophras·

277 1033 324 1079 tus
337 1023 491 1080 lectionem
504 1028 673 1099 poetarum:
695 1024 834 1098 multique
855 1024 916 1100 ejus
934 1023 1075 1100 judicium

278 1130 452 1194 sequuntur:
483 1139 577 1195 neque
607 1121 758 1178 immerito.
805 1120 940 1196 Namque
969 1121 1004 1178 ab
1032 1121 1075 1178 his

277 1214 308 1271 in
335 1216 421 1272 rebus
447 1202 572 1293 spiritus,
593 1228 622 1276 et
642 1217 673 1274 in
693 1217 787 1276 verbis
806 1217 975 1288 sublimitas,
996 1227 1025 1274 et
1045 1217 1074 1274 in

278 1311 427 1370 affectibus
440 1324 535 1372 motus
548 1315 652 1387 omnis,
667 1326 697 1372 et
710 1315 740 1373 in
754 1313 883 1391 personis
897 1315 984 1372 decor
1004 1314 1074 1390 peti·

276 1416 332 1480 tur,
358 1411 560 1486 praeoipueque
586 1412 664 1468 velut
691 1411 786 1467 attrita
813 1411 980 1485 quotidiano
1007 1421 1073 1468 aotu

276 1506 381 1564 forensi
406 1507 532 1584 ingenia,
554 1507 662 1582 optime
686 1525 782 1563 rerum
809 1507 909 1564 talium
936 1508 1074 1566 blanditia

275 1613 451 1676 reparantur.
493 1601 621 1677 Ideoque
655 1603 686 1659 in
720 1603 775 1660 hao
808 1603 934 1661 lectione
968 1604 1074 1662 Cicero

276 1699 513 1772 requiescendum
527 1709 615 1775 putat„
656 1699 704 1757 28.
727 1698 946 1757 Meminerimus
966 1711 1072 1774 tamen,

275 1811 333 1850 non
360 1813 410 1868 per
437 1795 534 1852 omnia
559 1800 662 1872 poetas
685 1813 747 1852 esse
771 1795 877 1852 oratori
901 1797 1071 1870 sequendos,

274 1909 329 1947 nee
349 1891 481 1948 libertate
500 1892 662 1963 verborum,
683 1910 739 1950 neo
764 1891 882 1950 lieentia
901 1891 1071 1968 figurarum

274 2006 366 2064 genus
379 1988 563 2046 ostentationi
577 1999 783 2064 eomparatum‚
794 1998 822 2046 et
835 1999 936 2064 preter
948 1988 986 2060 id,
996 1989 1072 2064 quod

274 2084 363 2142 solam
376 2085 449 2161 petit
462 2087 645 2162 voluptatem,
656 2095 685 2144 et
696 2105 768 2157 earn,
780 2085 915 2162 fingendo
928 2103 987 2142 non
1003 2085 1072 2144 falsa

274 2183 374 2254 modo,
391 2183 442 2240 sed
465 2183 552 2242 etiam
572 2184 703 2258 quaedam
724 2182 914 2254 incredibilia,
935 2193 1069 2254 sectatur,

273 2280 433 2354 patrocinio
446 2299 560 2354 quoque
575 2280 670 2354 aliquo
681 2279 789 2355 juvari:
820 2280 868 2336 29.
883 2280 959 2354 quod
976 2279 1070 2358 alliga·

273 2385 303 2432 ta
317 2374 352 2430 nd
366 2387 473 2431 certam
486 2376 592 2451 pedum
606 2375 806 2432 necessitatem
819 2393 878 2434 non
897 2393 1007 2452 semper
1024 2365 1069 2434 'uti

273 2470 395 2546 propriis
408 2470 506 2546 possit,
522 2471 573 2528 sed
593 2471 711 2547 depulsa
731 2483 810 2530 reeta
830 2473 885 2544 via,
906 2473 1069 2532 necessario

274 2567 310 2624 nd
324 2567 476 2642 eloquendi
490 2569 620 2643 quaedam
634 2569 810 2626 deverticula
830 2570 993 2648 confugiet:
1015 2589 1070 2628 neo

273 2675 383 2723 mutare
399 2665 529 2740 quaedam
548 2666 633 2723 modo
651 2667 746 2738 verba,
762 2667 811 2724 sed
832 2667 993 2739 extendere,
1008 2686 1070 2724 eor-

273 2761 376 2838 ripere,
404 2773 580 2835 oouvertere,
608 2763 736 2821 dividere
763 2774 901 2840 cogatur:
929 2783 981 2821 nos
1001 2781 1069 2822 vero

276 2870 397 2917 armatos
430 2870 505 2918 stare
538 2861 569 2917 iu
603 2861 675 2932 acie,
705 2871 734 2918 et
767 2861 886 2968 sqmmis
916 2861 952 2918 de
983 2861 1068 2918 rebus

273 2955 438 3029 decernere,
452 2967 481 3015 et
495 2957 531 3014 ad
544 2957 693 3016 victoriam
715 2957 777 3015 niti.
792 2930 866 3015 J30
888 2957 992 3032 Neque
1013 2977 1068 3036 ego

274 3071 351 3110 arma
360 3053 488 3130 squalere
502 3055 558 3111 situ
569 3073 603 3112 ao
614 3055 746 3132 rubigine
760 3055 854 3125 velim,
864 3055 914 3112 sed
928 3055 1067 3134 fulgorem

273 3149 376 3222 inesse,
388 3151 436 3225 qui
449 3161 563 3223 terreat,
575 3152 666 3228 qualis
680 3165 722 3210 est
737 3153 812 3225 ferri,
823 3172 878 3228 quo
889 3173 969 3211 mens
983 3152 1066 3211 simul

272 3249 407 3326 visusque
427 3250 650 3336 praestringitur:
676 3269 735 3307 non
750 3251 841 3326 qualis
864 3251 924 3308 auri
947 3249 1067 3328 argenti·

273 3366 339 3423 que,
354 3346 486 3421 imbellis,
500 3357 530 3405 et
542 3346 637 3424 potius
657 3347 773 3406 habenti
787 3348 973 3425 periculosus.

498 3475 622 3564 larti-
