2675 4009
456 617 539 666 insit
557 618 693 666 oetion.
714 621 773 666 nln.
793 621 823 668 X.
842 623 861 665 l.
1020 613 1059 674 19

262 781 386 839 pressius,
417 765 562 842 jucundus
593 779 623 826 et
648 769 752 846 gravis,
781 779 842 828 tum
874 769 967 844 copis,
994 780 1057 831 tunt

263 859 566 925 nonnis-mirabills:
586 882 641 922 nec
654 866 771 940 poetica
784 867 879 937 modo,
894 865 944 922 sed
964 877 1057 924 orato-

262 956 306 1015 uie
312 958 416 1018 virtute
422 960 671 1018 eminentissimus.
713 963 759 1019 47.
781 961 811 1018 N
814 982 859 1020 om
872 972 905 1018 ut
917 962 953 1020 de
966 961 1057 1019 laudi·

263 1052 326 1125 bus,
359 1055 613 1128 exhortationibus,
646 1059 891 1120 consolationibus
924 1069 1053 1116 taceam:

262 1167 359 1208 noune
378 1151 421 1206 vel
433 1169 535 1209 -nonus
554 1152 635 1224 liber,
656 1173 715 1228 quo
740 1155 826 1212 misse
854 1156 897 1211 ed
909 1155 1059 1213 Achillem

262 1243 369 1320 legatio
389 1246 560 1318 continetur,
575 1249 618 1306 vel
639 1249 671 1305 iu
690 1250 783 1324 primo
803 1251 876 1308 iuter
897 1251 985 1310 duces
1006 1252 1058 1308 ills

262 1340 419 1411 contentio,
433 1342 476 1400 vel
491 1343 576 1402 diotre
589 1345 620 1401 in
633 1344 762 1402 secundo
783 1347 940 1417 sententie,
954 1365 1055 1404 omnes

261 1436 355 1497 litium
376 1455 411 1494 uc
429 1439 615 1499 consiliorum
636 1441 780 1516 explicent
801 1443 895 1500 srtesl
936 1443 982 1498 48.
1005 1442 1055 1499 Af-
1095 1481 1099 1496 .

261 1532 354 1592 fectus
366 1535 490 1610 quidem,
504 1537 549 1594 vel
563 1537 626 1594 illos
639 1539 733 1609 mites
748 1539 790 1596 rel
812 1537 864 1596 hos
884 1538 1104 1631 coucitntcspct
1116 1545 1151 1607 ‘²¹³³'

260 1649 347 1689 nemo
359 1632 414 1692 erit
426 1643 485 1690 tam
498 1633 642 1706 indoctus,
656 1635 706 1709 qui
720 1653 778 1692 non
793 1635 822 1692 in
843 1655 895 1692 sua
914 1632 1063 1711 potestate'
1133 1660 1138 1672 ¹

261 1726 338 1785 hunc
352 1737 497 1788 auctorem
511 1730 643 1790 habuime
657 1731 786 1789 latentur.
829 1733 893 1808 Age
907 1751 984 1803 vero,
996 1749 1054 1790 non
1120 1709 1126 1730 ι

261 1822 408 1898 utriusque
420 1825 516 1899 operis
528 1825 673 1901 ingressus
687 1825 717 1882 in
731 1827 911 1900 paucissimis
926 1827 1056 1883 versibus

259 1918 352 1995 legem
372 1921 583 1995 prooemiorum,
603 1935 660 1980 uon
683 1922 759 1992 dico,
774 1923 903 1993 servavit,
918 1923 968 1980 sed
988 1941 1055 1980 con·

259 2014 373 2072 stituitl
413 2015 494 2072 Nem
503 2017 673 2075 benevolum
695 2017 852 2074 auditorem
875 2017 1055 2074 invocatione

259 2109 389 2180 dearum,
404 2129 474 2184 quas
493 2111 646 2186 presidere
666 2112 778 2168 vatibus
799 2112 938 2169 creditum
959 2123 1011 2182 est,
1026 2121 1056 2168 et

260 2205 402 2264 intentum
414 2205 557 2281 proposita
568 2223 661 2262 rerum
675 2205 880 2282 magnitudine,
892 2216 921 2264 et
930 2206 1055 2264 docilem

258 2298 371 2360 summi
378 2301 509 2364 celeriter
523 2299 730 2378 comprehense
744 2302 819 2362 fecit.
861 2303 908 2360 49.
930 2302 1055 2362 Narrare

258 2417 326 2456 sero
352 2399 417 2474 quis
449 2399 571 2470 brevius,
599 2419 685 2474 quent
711 2400 761 2475 qui
787 2411 908 2458 mortem
935 2401 1055 2460 nunciat

258 2494 396 2568 Patrocli,
423 2496 488 2570 quis
513 2496 723 2573 significantius
755 2506 857 2572 potest,
885 2517 969 2571 quam
1003 2497 1054 2572 qui

258 2592 397 2650 Curetum
418 2592 635 2668 AEtolorumque
660 2593 793 2668 proelium
814 2593 950 2668 exponitl
990 2593 1056 2650 lam

257 2688 468 2759 similitudines,
485 2689 729 2764 amplificationes,
744 2690 885 2765 exempla,
901 2690 1055 2766 digressus

257 2785 339 2862 signe
350 2803 446 2843 rerum
459 2795 488 2842 et
498 2796 673 2862 argumente,
681 2795 834 2860 ceteraque
845 2805 907 2860 quae
918 2785 1056 2862 probandi

259 2899 293 2936 ec
306 2881 449 2940 refutandi
463 2891 539 2952 sunt,
555 2883 596 2939 ite
609 2882 709 2953 multe,
724 2893 755 2938 ut
769 2883 865 2954 etiem,
881 2883 929 2958 qui
943 2883 979 2940 de
994 2881 1057 2940 arti·

258 2973 312 3032 bus
321 2977 503 3053 scripserunt,
513 2977 628 3052 plurimi
639 2977 741 3036 herum
754 2997 849 3038 rerum
863 2979 1057 3037 testimouium

259 3072 295 3129 nb
315 3072 371 3130 hoc
389 3079 477 3149 poeta
488 3085 595 3151 petunt.
636 3079 683 3134 50.
704 3075 734 3134 N
737 3096 782 3134 am
796 3078 926 3155 epilogus
940 3079 1055 3154 quidem

259 3169 323 3244 quis
337 3188 461 3244 unquam
470 3172 575 3246 poterit
587 3172 642 3230 illis
652 3173 761 3232 Priami
771 3175 898 3251 rogantis
911 3175 1054 3232 Achillem

257 3266 393 3341 precibus
419 3268 544 3342 equetii
583 3268 687 3330 Quidt
714 3269 744 3329 in
772 3271 875 3342 verbis,
896 3269 1053 3340 sententiis,

258 3361 367 3444 liguris,
380 3363 568 3441 dispositione
586 3365 675 3427 totius
693 3367 799 3444 operis,
819 3385 915 3426 nonne
935 3364 1053 3425 humani

1194 1015 1198 1058 l
