2675 4009
441 577 864 653 msu.·onrann.u1s.x1.1.
1011 567 1055 628 87,

255 728 409 788 iratissimis
433 729 508 789 locis
533 729 739 804 sententiisque
765 728 931 802 dicentem?
984 725 1053 784 Non

255 827 376 902 perdant
389 827 452 884 haec
465 826 562 883 omnia
574 826 768 883 necessarium
780 823 955 901 periclitanti
975 822 1051 882 solli·

256 923 394 980 citudinis
406 923 542 993 colorem,
556 922 766 998 petendumque
786 920 873 980 etiam
892 920 1052 978 innocenti·

255 1019 309 1078 bus
339 1018 546 1076 misericordias
572 1017 731 1076 auxilium?
783 1017 831 1074 50.
848 1023 849 1028 ’
866 1016 1053 1074 Cornmorea-

254 1124 339 1172 turne
358 1114 509 1190 quisquam
528 1113 590 1188 ejus
609 1113 733 1184 fortuna,
747 1131 832 1188 quern
852 1112 1003 1183 tumidum,
1018 1129 1053 1170 ac

253 1211 299 1268 sui
310 1211 475 1286 jactantem,
484 1219 514 1266 et
524 1209 705 1266 ambitiosum
717 1208 873 1266 institorem
884 1207 1053 1282 eloquentie

254 1305 284 1363 in
306 1305 422 1382 ancipiti
442 1315 518 1362 sorte
531 1305 643 1363 videnti
684 1303 754 1362 Non
767 1303 854 1360 immo
868 1303 960 1360 oderit
973 1321 1054 1362 reum

253 1401 341 1458 verba
354 1409 553 1477 aucupantem,
567 1410 597 1458 et
610 1400 726 1459 anxium
747 1400 783 1457 de
797 1399 873 1456 fama
892 1398 1011 1474 ingenii,
1025 1408 1055 1456 et
1159 1453 1161 1458 .

255 1497 304 1555 coi
317 1515 381 1556 esse
394 1497 503 1555 diserto
522 1498 622 1558 vaceti
661 1497 711 1554 51.
731 1494 822 1557 Quod
842 1494 915 1554 mire
936 1493 976 1552 M.
989 1493 1055 1552 Cre·
1129 1529 1130 1532 =

253 1593 310 1651 lius
336 1593 367 1652 in
393 1594 561 1652 defensione
587 1611 692 1665 causae,
713 1611 771 1667 qua
796 1609 863 1650 reus
883 1590 920 1650 de
940 1589 967 1649 vi
988 1589 1052 1662 suit,

254 1689 504 1765 comprehendisse
529 1689 641 1748 videtur
667 1688 748 1761 mihi,
772 1687 818 1746 Ne
845 1687 893 1744 oui
918 1694 1052 1759 vestrum,

253 1793 338 1862 atque
350 1787 436 1844 etima
447 1786 578 1858 manium,
592 1786 643 1862 qui
656 1785 697 1844 od
708 1804 764 1843 rem
778 1783 918 1860 ogandam
939 1790 1051 1854 assunt,

252 1900 327 1938 arms
347 1890 400 1938 out
419 1883 517 1938 nudus
536 1882 685 1952 molestior,
700 1889 751 1938 aut
771 1899 823 1938 voc
842 1879 1052 1938 immoderatior

254 1977 365 2052 aliquo,
379 1985 431 2034 out
450 1976 578 2052 deniqne,
592 1976 668 2051 quod
685 1977 801 2033 nimium
814 1983 874 2046 ⁴est,
885 1974 1053 2051 jactantior·

251 2080 350 2148 gestos
362 2070 460 2147 fnisse
473 2071 615 2130 ademar.
653 2072 703 2128 52.
724 2071 815 2146 Atqui
835 2080 901 2128 sunt
921 2071 1052 2145 quaedam

254 2167 383 2226 actiones
408 2167 439 2224 in
459 2167 663 2238 satisfactione,
685 2165 895 2242 deprecatione,
917 2165 1053 2224 consessi-

253 2282 310 2324 onc
322 2263 436 2339 positia:
457 2263 674 2322 sententiolisne
694 2262 820 2320 flendum
841 2262 915 2320 eriti
937 2263 1053 2340 epipho-

252 2370 367 2418 nemata
380 2370 429 2418 aut
442 2359 653 2436 enthymemata
672 2358 847 2418 exorabunti
887 2357 956 2416 Non
970 2359 1051 2436 quid-

252 2457 321 2532 quid
347 2457 435 2516 meris
461 2455 610 2534 adjicietur
637 2455 796 2528 affectibus,
823 2473 923 2514 omnes
950 2474 1049 2514 eorum

252 2553 342 2610 diluet
361 2553 445 2624 vires,
466 2562 495 2610 et
515 2551 727 2610 miserationem
748 2551 900 2610 securitate
920 2551 1047 2610 laabitt

242 2649 299 2707 53.
320 2649 397 2726 Age,
416 2649 442 2707 si
462 2649 498 2706 de
517 2658 610 2706 morte
629 2647 682 2706 fitii
709 2647 763 2719 sui,
784 2647 828 2704 vel
850 2646 963 2723 injuria,
985 2665 1048 2722 qua

251 2755 344 2802 morte
364 2746 402 2802 sit
420 2745 543 2822 gravior,
564 2744 718 2802 dicendum
738 2742 813 2818 patri
833 2742 927 2812 fuerit,
950 2753 998 2800 aut
1017 2743 1049 2802 in

252 2840 394 2898 nutando
407 2841 528 2917 gratiam
548 2841 625 2898 iilam
645 2837 840 2915 expositionis,
855 2857 918 2912 quae
938 2838 1049 2897 contin·

253 2945 302 3014 get
333 2953 370 2994 ex
395 2954 526 2994 sermone
551 2954 625 3011 puro
652 2945 738 3010 atque
764 2933 902 3005 dilucido,
930 2943 1046 3008 queret,

252 3032 373 3090 breviter
401 3051 435 3090 ac
460 3032 654 3110 significanter
674 3031 803 3089 ordinem
824 3030 866 3088 rei
893 3030 1046 3105 protulisse

253 3139 413 3195 contentus,
435 3138 483 3187 aut
503 3137 670 3205 argumenta
689 3128 806 3186 diducet
826 3127 856 3186 in
882 3127 996 3204 digitos,
1017 3139 1047 3186 ct

251 3225 474 3304 propositionum
502 3243 537 3284 ac
561 3225 746 3300 partitionum
766 3224 891 3300 captabit
909 3223 1046 3300 leporem,

252 3332 291 3398 et,
305 3332 337 3382 ut
348 3322 515 3403 plerumque
528 3321 558 3381 in
572 3321 629 3380 hoc
641 3339 747 3401 genere
760 3321 847 3382 moris
866 3329 918 3394 est,
933 3317 1047 3378 intenti·
