2675 4009
281 533 321 594 48
500 539 537 586 Μ.
555 537 625 585 Fau.
645 535 850 594 autumant

281 689 409 762 verbum,
437 699 562 764 occupet
586 688 693 747 locum.
746 689 775 746 6.
794 686 872 750 Qua
898 685 1013 763 quidem
1040 698 1078 748 ut

280 786 445 864 diligentius
470 804 652 860 exequamur,
673 785 828 860 repetenda
855 785 959 860 saepius
987 796 1078 843 erunt

357 893 491 958 torump
544 882 610 940 ima.
651 881 729 939 Nam
749 891 850 957 praeter
871 881 909 953 id,
931 882 1052 956 quod
1028 901 1077 940 sic

162 901 491 1062 M‘vffisssup
413 997 491 1054 ugu
525 997 557 1034 ur
571 978 714 1055 prioribus
734 978 983 1085 sequentiamppss
905 997 922 1036 c
951 997 983 1036 or
1002 997 1076 1054 quo-

279 1093 335 1149 que
348 1075 397 1131 ille
417 1074 610 1151 cogitationis,
626 1093 675 1150 qur
666 1074 832 1132 scribendi
853 1093 932 1132 mora
896 979 1073 1148 refrixit,

278 1169 382 1245 recipit
401 1189 437 1228 ex
457 1170 569 1248 integro
588 1171 672 1243 vires,
694 1181 723 1228 et
742 1171 819 1229 velut
839 1183 1010 1248 repetitosp

278 1267 366 1324 sumit
386 1267 543 1344 impetum3
563 1270 640 1343 quod
660 1267 691 1325 in
705 1268 862 1326 certamine
876 1171 1162 1326 saliendiffirffl

275 1363 417 1436 ridemus,
432 1376 465 1422 ut
484 1376 620 1422 conatum
639 1365 754 1441 longius
773 1375 880 1439 petant,
895 1377 923 1422 et
944 1365 979 1422 ad
999 1365 1072 1422 illud

280 1460 367 1532 aliud,
388 1481 444 1535 quo
464 1461 656 1532 contenditur,
678 1461 801 1535 spatium
822 1479 907 1517 cursu
928 1461 1070 1518 ferantur:

279 1567 368 1631 utque
375 1557 404 1614 in
416 1557 570 1632 jaculando
576 1556 872 1628 bruchiareducirnus,
880 1566 918 1627 et,
926 1555 1071 1630 expulsuri

279 1652 345 1722 tela,
365 1670 466 1708 nervos
486 1661 562 1708 retro
582 1651 734 1708 tendimus.
776 1654 803 1710 7.
824 1651 944 1709 Interim
963 1663 1070 1724 tamen,

280 1747 305 1804 si
328 1748 399 1804 feret
418 1746 512 1818 flatus,
533 1747 626 1804 danda
646 1757 713 1805 suut
732 1748 803 1820 vela,
818 1749 885 1806 dum
906 1769 959 1806 nos
980 1749 1073 1807 indul·

280 1843 378 1919 gentis
392 1843 440 1900 illa
452 1861 511 1901 nou
531 1843 618 1900 sallat.
659 1843 766 1902 Omnia
786 1845 862 1902 euim
883 1856 988 1917 nostra,
1003 1845 1072 1902 dum

280 1950 446 2011 nascuntur,
479 1939 611 2015 placent:
646 1940 751 2015 alioqui
784 1959 840 1998 nec
872 1941 1070 2000 scriberentur.

281 2037 341 2094 Sed
361 2037 509 2094 redeamus
530 2037 564 2094 ad
588 2036 740 2113 judicium,
762 2047 790 2095 et
810 2048 995 2096 retractemus
1014 2057 1073 2096 sus·

280 2144 393 2209 pectam
408 2134 582 2192 facilitatem.
622 2134 652 2192 8.
674 2134 725 2192 Sic
739 2134 886 2209 scripsisse
907 2135 1072 2192 Sallustium

143 2231 462 2322 mmmmm:
483 2239 513 2288 et
522 2248 591 2286 saue
604 2231 771 2288 manifestus
784 2240 827 2286 est
841 2231 927 2288 etiam
940 2249 976 2288 ex
988 2247 1072 2304 opera

282 2325 345 2400 ipso
370 2326 458 2382 labor.
499 2325 654 2399 Virgilium
681 2343 794 2398 quoque
820 2325 1007 2400 paucissimos
1027 2325 1072 2381 die

283 2419 477 2495 composuisse
489 2437 597 2489 versus,
613 2429 712 2476 auctor
726 2430 770 2476 est
783 2419 884 2477 Varus.
892 2415 952 2506 ts.
973 2419 1072 2477 Orato-

283 2516 322 2574 ris
336 2515 450 2590 quidem
465 2515 520 2572 alia
533 2515 660 2572 conditio
674 2525 724 2572 est.
765 2515 865 2591 ltaque
879 2516 953 2574 banc
966 2535 1070 2574 moram

283 2623 313 2670 et
338 2611 560 2670 sollicitudinem
586 2611 677 2668 initiis
697 2611 813 2687 impero.
855 2611 931 2670 Nam
951 2613 1070 2689 primum

284 2709 341 2768 hoc
354 2709 595 2779 constituendum,
610 2708 666 2766 hoc
680 2709 864 2766 obtinendum
879 2720 930 2782 est,
945 2720 1070 2785 utquam

284 2807 391 2882 optime
405 2806 579 2863 scribamus:
601 2805 776 2862 celeritatem
790 2805 869 2863 dabit
888 2807 1069 2866 consuetudo.

285 2901 428 2960 Paulatim
447 2921 493 2960 res
512 2901 626 2960 facilius
638 2920 671 2959 se
684 2903 844 2974 ostendent,
858 2903 944 2961 verba
962 2923 1071 2981 respon·

286 2998 403 3070 debunt,
415 2998 584 3074 compositio
597 3009 803 3074 prosequetur:
825 3009 931 3058 cuncta
944 3001 1070 3076 denique,

286 3104 319 3152 ut
351 3094 381 3152 iu
408 3095 516 3153 familia
541 3096 614 3153 bene
640 3097 779 3164 instituta,
807 3096 837 3154 iu
864 3097 959 3154 officio
985 3107 1069 3156 erunt.

288 3191 334 3250 10.
356 3192 475 3250 Summa
487 3191 550 3250 hec
563 3201 606 3250 est
619 3193 669 3252 rei.
712 3193 779 3252 c'rro
792 3193 944 3252 scribendo
957 3213 1015 3252 non
1034 3193 1069 3262 fit,

288 3299 320 3348 ut
345 3290 420 3350 bene
438 3289 597 3349 scribatur:
625 3291 699 3352 bene
724 3291 877 3351 scribendo
897 3292 937 3360 tit,
959 3301 990 3348 ut
1009 3289 1069 3348 cito.
