2675 4009
452 583 534 634 insu.
553 585 691 633 omnus
710 583 772 632 nin.
791 585 822 632 x.
843 586 863 631 1.
1014 575 1055 636 ἢ

259 733 367 792 bellum
381 735 513 794 Siculum
520 735 742 812 persumpsisset,
753 734 912 792 vindicaret
922 733 979 792 sibi
990 734 1055 811 juro
1071 793 1075 800 ,

259 831 419 889 seeundum
441 832 545 889 loeum.
588 832 646 890 Sed
673 849 740 890 eum
766 831 959 888 consummari
978 849 1055 888 mors

259 925 412 984 immaturo
436 946 496 984 non
522 945 622 1021 pospa
629 938 690 984 est:
724 927 845 1004 puerilia
869 937 967 984 tamen
992 925 1055 1002 ejus

259 1039 347 1098 opero
359 1034 388 1080 et
400 1042 559 1087 mammam
556 997 693 1081 indolem
713 1024 866 1082 ostendunt
886 1033 915 1082 et
936 1022 1055 1082 admira·

259 1118 347 1176 bilem
349 1120 515 1196 ,praeeipue
528 1119 559 1176 in
573 1129 656 1177 etate
671 1120 728 1191 illo,
742 1120 814 1178 reoti
828 1120 942 1198 generis
956 1119 1054 1178 volun·

257 1223 354 1272 tutem
400 1214 448 1272 90.
475 1213 600 1272 Multum
628 1214 659 1271 in
692 1215 805 1273 Valerio
831 1215 938 1274 Flacco
963 1235 1054 1292 nuper

259 1310 414 1368 amisimus.
468 1310 633 1368 Vehemens
664 1320 695 1368 et
726 1311 873 1386 poeticum
906 1312 1054 1388 ingenium

259 1406 352 1464 Saleii
364 1407 458 1464 Bassi
471 1407 534 1478 suit,
548 1425 605 1464 nee
620 1405 714 1482 ipsum
734 1417 881 1464 senectute
901 1418 1052 1466 maturum.

257 1497 402 1558 Rabirius
429 1519 463 1558 oc
489 1501 571 1558 Pedo
597 1520 656 1559 non
683 1500 795 1578 indigni
828 1501 1003 1578 cognitione,
1030 1501 1055 1559 si

257 1608 346 1656 vocet
387 1598 525 1656 Lucanus
540 1598 651 1670 ardens,
664 1608 695 1656 et
708 1598 879 1671 concitatus,
892 1608 923 1656 et
943 1608 1055 1656 senten·

256 1694 305 1752 tiis
325 1695 510 1767 clarissimus,
524 1706 563 1762 et,
578 1705 610 1752 ut
629 1695 725 1754 dicem
745 1695 820 1771 quod
840 1695 942 1767 sentio,
963 1695 1055 1772 magis

257 1791 418 1850 oratoribus
430 1810 517 1866 quum
529 1792 623 1867 poetis
642 1791 880 1850 annumerandus,
920 1793 969 1850 91.
991 1791 1055 1850 Hos

257 1887 477 1958 nominavimus,
501 1887 569 1962 quia
594 1887 800 1945 Gennanieum
826 1888 990 1965 Augustum
1018 1888 1054 1945 ub

258 1981 396 2040 institutis
409 1983 512 2040 studiis
525 1983 640 2041 deflexit
653 2003 725 2042 euru
737 1995 886 2056 terrarum,
897 2001 1054 2060 parumque

258 2077 315 2134 diis
340 2079 434 2135 visum
459 2090 513 2150 est,
533 2097 597 2137 esse
617 2097 684 2136 eum
711 2080 867 2137 maximum
892 2085 1052 2155 politorum.

257 2172 341 2237 Quid
366 2183 464 2232 tumen
489 2173 534 2230 his
560 2174 630 2250 ipsis
655 2174 718 2250 ejus
750 2174 894 2249 operibus,
922 2175 953 2232 in
979 2193 1053 2249 qum,

258 2270 364 2328 donato
397 2269 527 2346 imperio,
552 2269 666 2346 juvenis
699 2280 866 2342 secesserat,
891 2270 1052 2342 sublimius,

258 2366 382 2438 doctius,
403 2365 537 2424 omnibus
556 2365 681 2441 denique
707 2367 834 2426 numeris
854 2366 1053 2444 prestantius?

257 2463 334 2526 Quis
360 2462 438 2520 enim
458 2474 575 2522 caueret
594 2463 669 2521 bella
689 2463 801 2534 melius,
822 2483 907 2539 quom
934 2464 984 2539 qui
1010 2464 1053 2522 sio

258 2561 353 2637 geritl
392 2559 492 2622 Quem
517 2559 702 2636 presidentes
726 2560 830 2618 studiis
856 2560 916 2618 deae
935 2561 1053 2636 propius

259 2658 410 2715 audirentl
451 2656 510 2715 Cui
522 2656 614 2734 magis
627 2675 694 2714 suos
714 2667 788 2714 uites
810 2656 931 2732 aperiret
952 2656 1053 2714 famili-

260 2771 307 2810 ure
332 2771 439 2811 numen
466 2751 619 2810 Minervol
660 2753 709 2810 92.
731 2751 839 2810 Dicent
859 2752 921 2809 hoen
940 2751 1052 2827 plenius

260 2847 354 2906 lutura
379 2849 485 2906 seculo.
510 2847 670 2956 ΝιιιιὶιιυυῙ
650 2848 728 2906 enim
755 2857 915 2904 ceterarum
942 2847 1052 2926 fulgore

260 2943 395 3001 virtutum
419 2945 483 3002 leus
509 2943 564 3002 istu
590 2923 807 3021 praesl'ringitur.
860 2942 924 3002 Nos
956 2953 1052 3004 tumen

260 3057 342 3096 soora
365 3040 524 3098 litterarum
550 3041 678 3098 nolentes
704 3041 787 3110 foros,
815 3039 921 3112 Cesar,
942 3041 966 3097 si
992 3059 1052 3100 non

259 3137 379 3196 tacitum
393 3139 448 3196 hoe
460 3140 646 3216 preterimus,
660 3150 690 3198 et
703 3139 865 3217 virgiliano
879 3149 956 3199 nette
968 3157 1051 3200 versu

259 3244 405 3306 testamur,

336 3347 844 3415 “intersionimhsdmmtibioerpsm
854 3348 962 3400 liuto?

494 3431 541 3490 30

1201 1408 1202 1452 l

1200 1513 1202 1560 l
