2675 4009
290 593 347 662 itt
479 617 482 624 ⁴
507 601 632 650 ita-sua
652 599 857 656 cummunio
885 602 890 610 ¹

228 790 231 798 ·
289 753 341 814 Est
360 750 467 829 aliquid
486 751 526 810 in'
537 749 660 820 amiotu3
688 749 765 824 quod
788 749 883 826 ipsum
902 748 1084 824 aliqmnns

288 857 448 924 temporum
460 844 625 903 conditione
638 854 777 900 mutatum
791 853 842 901 est
883 842 912 900 N
916 861 962 900 am
981 843 1084 901 veteri·

288 943 431 1013 busnulli
451 942 546 1000 sinus:
572 957 710 1015 perquam
737 940 836 997 breves
855 949 919 1016 post
937 939 1003 996 illos
1021 939 1084 997 fue-

288 1051 363 1098 runt.
404 1039 470 1096 138.
489 1036 590 1111 Itaque
604 1036 691 1094 etiam
711 1045 793 1112 gestu
813 1054 931 1094 necesse
950 1047 994 1093 eat
1013 1054 1082 1094 usos
1185 1032 1186 1053 ¹

288 1153 350 1194 esse
376 1135 406 1192 iu
432 1132 582 1210 principiis
610 1150 660 1190 eos
687 1131 754 1203 alio,
774 1150 894 1206 quorum
920 1132 1081 1203 brachium,
1185 1130 1186 1155 l

287 1231 363 1288 sicut
387 1230 563 1300 Graecorum,
592 1238 669 1286 vesta
696 1227 904 1284 continebatur.
944 1227 1003 1284 Sed
1028 1246 1082 1285 nos

287 1326 323 1384 de
341 1326 529 1403 praesentibus
548 1324 699 1399 loquimur.
740 1322 798 1380 Cui
811 1323 862 1380 lati
876 1323 949 1380 clavi
962 1323 1010 1398 ius
1022 1341 1082 1381 nou

288 1423 352 1495 erit,
367 1423 407 1481 ita
426 1423 567 1500 cingatur,
579 1415 620 1478 'ut
639 1420 747 1478 tunicae
765 1419 909 1495 prioribus
928 1420 988 1477 oris
1008 1420 1083 1478 infra

287 1537 381 1596 genua
400 1519 525 1596 paulum,
545 1516 752 1593 posterioribus
776 1515 813 1572 ad
832 1515 943 1573 medios
961 1516 1083 1592 poplites

287 1633 390 1690 usque·
409 1613 580 1689 perveniant.
634 1611 712 1669 Nam
745 1612 819 1668 iufra
850 1612 1002 1670 mulierum
1028 1622 1081 1684 est,

288 1729 373 1786 supra
387 1709 594 1766 centurionum.
638 1709 703 1766 139.
724 1708 764 1765 Ut
782 1727 916 1784 purpurae
935 1718 1015 1767 recte
1033 1710 1084 1767 de·

288 1805 435 1877 scendant,
449 1804 519 1862 levis
532 1823 602 1862 cura
621 1815 673 1862 est.
714 1803 840 1862 Notatur
859 1805 974 1863 interim
994 1806 1084 1882 negli-

288 1905 392 1982 gentia.
433 1903 537 1962 Latum
550 1904 717 1962 habentium
730 1904 843 1961 clavum
862 1905 965 1962 modus
984 1915 1037 1976 est,
1051 1915 1084 1962 ut

288 2001 326 2060 sit
350 2000 466 2078 paulum
499 2000 603 2058 cinctis
635 1986 821 2059 summissior.
840 1997 844 2007 '
861 1999 958 2076 ipsam
985 2011 1083 2078 togam

288 2098 439 2156 rotundam
465 2115 537 2170 esse,
564 2108 593 2154 et
620 2107 684 2173 apte
711 2116 814 2156 cusam
841 2097 935 2155 velim.
959 2123 962 2130 ·
988 2097 1084 2156 Aliter

289 2194 365 2252 eninr
379 2193 475 2252 multis
489 2194 580 2252 modis
594 2193 642 2251 fiet
656 2194 790 2252 enormis.
830 2194 902 2252 Para
921 2195 983 2270 ejus
993 2195 1084 2270 :prior

290 2290 391 2348 mediis
424 2291 555 2348 cruribus
588 2291 697 2366 optime
728 2291 908 2363 terminatur,
940 2293 1083 2368 posterior

289 2386 388 2442 eadam
400 2386 531 2460 portione
545 2386 640 2442 altius·
648 2405 706 2460 qua
726 2388 864 2446 cinctura.
889 2389 972 2446 140.
994 2389 1082 2447 Sinus

289 2479 515 2551 decentissimus,
537 2481 560 2538 si
589 2481 735 2556 aliquanto
760 2502 846 2558 supra
871 2484 959 2543 imam
984 2495 1082 2563 togam

290 2575 385 2648 luerit,
398 2593 543 2651 nunquam
557 2586 635 2634 certe
655 2577 693 2635 sit
713 2577 838 2637 inferior.
879 2581 941 2653 Ille,
956 2583 1006 2658 qui
1026 2583 1082 2640 sub

290 2673 408 2732 humero
420 2672 519 2731 dextro
533 2673 569 2730 ad
582 2673 728 2731 sinistrum
741 2676 856 2751 oblique
869 2677 994 2752 ducitur,
1005 2680 1084 2738 velut

290 2771 410 2843 balteus,
431 2787 487 2828 nec
502 2771 680 2858 strangulet,
700 2791 756 2830 nec
783 2773 860 2832 fluat
884 2774 971 2832 *Pars
996 2786 1081 2854 togae,

289 2885 353 2942 quae
378 2871 477 2942 poste'a
496 2866 660 2943 imponitur,
681 2868 718 2926 sit
738 2869 873 2928 inferior:
900 2890 968 2928 nam
988 2872 1029 2930 ita
1053 2881 1085 2930 et

290 2961 369 3019 sedet
388 2963 509 3036 melius,
521 2973 549 3022 et
570 2965 757 3022 continetur.·.
781 2967 1083 3026 Subduoeudaetiam

289 3075 355 3135 pars
375 3057 469 3134 aliqua
488 3045 603 3128 tunice.
618 3080 655 3120 ue
677 3061 864 3121 adlabertum
878 3064 908 3121 in
923 3075 989 3122 actu
1002 3065 1085 3123 rede-

291 3163 336 3212 at:
363 3163 423 3212 tum
449 3156 528 3214 sinus
548 3158 720 3234 injiciendus
739 3159 867 3233 humero,
888 3161 972 3237 cujus
992 3171 1086 3220 extre-

290 3267 367 3318 mam
379 3269 458 3309 oram
477 3252 610 3328 rejecisse
629 3272 688 3312 uon
708 3255 836 3315 dedecet.
879 3257 945 3315 141.
965 3257 1085 3334 Operiri
1185 3238 1186 3295 3

292 3357 386 3409 autam
406 3347 556 3432 humerum
582 3367 649 3410 cum
675 3361 737 3411 toto
759 3352 861 3430 jugula
879 3371 939 3413 non
957 3364 1088 3431 apariat,
1185 3388 1186 3443 3
