2675 4009
129 543 180 602 trs
340 553 378 602 rr.
397 555 466 602 ras.
488 553 694 612 aumrmmur

129 721 204 778 prm
217 703 252 762 dt
264 723 319 762 rau
326 705 521 780 perturbetur.
561 705 677 763 Deinde
690 703 771 780 quasi
784 703 914 780 objurga·

129 798 162 856 io
187 801 233 858 sui
259 811 311 873 est,
338 803 387 860 Me
413 803 454 860 ad
477 802 537 878 ejus
564 823 679 860 causam
699 821 801 878 parem
827 799 915 858 artimt'

129 899 340 972 magnitudinem
353 898 456 975 afferre
475 919 530 956 uun
544 918 636 975 passe.
676 899 724 956 50.
744 898 824 956 Tum
844 897 914 954 invi·

129 993 256 1064 iiosiora‚
288 994 393 1052 Tamen
420 997 479 1053 ltus
505 997 571 1054 aovi
586 995 699 1072 juditii
723 1015 798 1052 aava
814 993 915 1070 farma

129 1096 207 1146 terret
230 1091 330 1148 orama.
378 1091 433 1149 Illa
458 1111 526 1150 vero
549 1093 608 1168 jam
635 1111 717 1169 paeue
743 1091 856 1168 apertis,
882 1099 915 1148 ut

129 1184 211 1257 aiunt,
225 1185 312 1258 tibiis,
330 1187 402 1260 Qut,
417 1207 578 1266 quocunque
591 1189 763 1260 inciderunt,
775 1195 915 1245 ammeta·

129 1279 212 1340 daem
224 1281 301 1358 fari,
315 1292 342 1341 et
356 1286 514 1361 pristinum
526 1305 624 1342 marera
634 1285 812 1361 juditiorum
825 1283 917 1360 requi·

129 1387 199 1438 aar.
239 1380 317 1438 Nam
336 1399 458 1457 sequens
483 1383 572 1438 latum
599 1383 685 1439 etiam
712 1392 797 1456 atque
822 1379 917 1437 fusum

129 1485 176 1545 est,
190 1476 258 1534 Non
272 1478 343 1534 euim
357 1497 459 1534 corona
472 1497 613 1534 consessus
627 1485 718 1535 vester
737 1478 846 1534 cinctus
865 1483 917 1547 est,

129 1581 155 1628 tt
177 1573 291 1630 solebat.
332 1574 379 1629 51.
400 1573 489 1633 Quod
510 1573 616 1644 notavi,
636 1583 669 1630 ut
690 1583 846 1650 appareret,
859 1589 920 1630 non

129 1667 214 1724 roiam
234 1667 264 1723 iu
284 1668 418 1724 membris
439 1687 542 1739 eausa,
564 1669 614 1726 sed
634 1670 721 1727 etiam
740 1669 771 1726 in
792 1667 921 1726 articulis

129 1779 185 1820 esse
212 1761 335 1837 aliquam
355 1764 566 1837 pronunciandi
586 1765 761 1836 varietatem,
781 1765 844 1822 sine
863 1783 922 1839 qua

129 1855 193 1912 uihil
207 1875 301 1932 neque
314 1857 405 1934 majus
418 1877 512 1933 neque
532 1859 627 1918 minus
646 1869 697 1918 est.
738 1860 805 1918 Vox
825 1861 921 1917 sutem

129 1953 198 2010 ultra
211 1953 285 2012 vires
299 1955 427 2032 urgenda
447 1975 505 2013 non
526 1967 576 2014 est.
618 1956 695 2014 Nam
715 1965 745 2015 et
764 1955 923 2033 suffocatas·

129 2069 210 2126 sape,
224 2061 253 2110 et
266 2052 373 2128 majore
393 2052 459 2110 nisu
479 2053 574 2110 minus
594 2053 673 2111 clara
691 2063 744 2125 est,
759 2060 788 2108 et
807 2051 923 2110 interim

129 2147 195 2205 tlisa
208 2148 237 2204 iu
253 2148 332 2206 illum
346 2167 446 2208 sonum
462 2149 594 2224 erumpit,
609 2149 657 2206 eui
670 2150 766 2206 Groesi
779 2165 885 2205 nomen
906 2163 925 2205 a

129 2244 262 2320 gallorum
290 2244 442 2302 inmaturo
468 2255 555 2301 cantu
582 2245 730 2300 dederunt
777 2243 826 2298 52.
855 2242 925 2298 Nee

129 2338 300 2396 solubilitate
332 2339 421 2394 nimia
453 2338 664 2407 confundenda,
691 2354 755 2410 qum
780 2335 924 2391 dicimus:

129 2451 181 2506 qua
200 2441 229 2488 et
248 2431 394 2488 distinstio
414 2432 496 2507 perit,
517 2443 546 2489 et
573 2432 709 2500 affeetus3
734 2439 764 2487 et
789 2447 924 2487 nonuun-

129 2545 209 2603 quam
236 2527 323 2584 etiam
349 2528 555 2602 rerbauliqua
581 2527 626 2584 sui
647 2537 726 2602 parte
746 2525 922 2585 fraudantur.

129 2624 183 2682 Oui
197 2624 370 2682 eontrarium
383 2633 426 2681 est
439 2623 539 2681 vitium
550 2623 645 2680 nimia
656 2623 803 2681 tarditatis.
844 2623 923 2682 Nam

129 2732 155 2780 et
188 2722 384 2780 difficultatem
412 2720 575 2788 inveniendi
602 2719 717 2790 fatetur,
744 2730 774 2778 et
800 2721 924 2798 segnitia

129 2819 211 2876 solvit
232 2819 350 2890 animos,
365 2827 404 2889 et,
418 2817 449 2875 in
462 2835 526 2892 quo
546 2827 588 2874 est
609 2817 726 2892 aliquid,
747 2818 924 2892 temporibus

129 2917 274 2992 prefinitis
295 2935 397 2991 aquam
423 2916 523 2992 perdit.
564 2915 713 2973 Promtum
738 2915 776 2973 sit
802 2935 843 2987 os,
864 2933 923 2972 nou

129 3033 271 3092 preceps:
294 3016 480 3086 moderatum,
494 3033 553 3072 non
566 3014 684 3071 lentum.

167 3111 213 3170 53.
243 3111 367 3186 Spiritus
381 3127 494 3187 quoque
507 3129 562 3168 neu
583 3111 685 3168 crebro
703 3119 836 3186 receptus
856 3125 925 3166 con-

129 3209 207 3268 sidat
225 3207 412 3266 senteutiam:
432 3225 488 3265 nes
507 3225 543 3265 eo
562 3225 653 3282 usque
672 3207 809 3278 trahatur,
830 3205 924 3262 dones

129 3305 250 3367 definiat.
290 3301 368 3362 Nam
393 3313 423 3362 st
448 3303 584 3363 deformis
609 3313 653 3362 est
678 3301 821 3361 consumti
848 3299 927 3359 illius
