2675 4009
282 555 331 616 ¹⁷2
512 566 548 614 u.
566 565 635 614 sas.
653 566 857 622 comminuar

293 711 324 772 id
343 713 457 790 quidem
476 714 636 787 tacendum,
656 715 733 790 quod
752 715 845 774 eidem
866 713 1002 774 Ciceroni
1020 715 1080 791 pla·

292 822 349 883 oet,
369 812 477 872 nullum
502 820 628 870 nostrum
654 831 772 887 usquam
798 813 990 890 negligentem
1017 831 1078 870 esse

291 925 466 966 sermonem:
486 906 623 981 quidquid
636 907 784 984 loquemur
797 909 970 984 ubicunque,
981 908 1017 966 sit
1027 926 1078 985 pro

291 1021 344 1062 sua
367 1003 479 1060 scilicet
508 1003 638 1078 portione
668 1005 835 1080 perlectum.
889 1005 1077 1062 Scribendum

292 1107 369 1155 certe
381 1116 525 1173 nunquam
537 1109 581 1158 est
594 1100 693 1178 magis,
708 1121 792 1177 quarn
812 1120 877 1160 cum
896 1101 984 1160 multa
1003 1101 1078 1160 dice·

291 1209 355 1257 rnus
366 1210 402 1250 ex
414 1204 548 1270 tempore.
587 1195 632 1255 Ita
644 1197 721 1254 enirn
742 1197 896 1256 servabitur
915 1197 1034 1273 pondus,
1049 1206 1077 1254 et

291 1287 423 1348 innatans
436 1290 483 1348 illa
497 1292 644 1350 verborum
665 1293 786 1352 facilitas
806 1293 835 1350 in
856 1293 941 1352 altum
962 1294 1077 1352 reduce-

291 1394 354 1444 tur:
374 1386 449 1444 sicut
462 1388 561 1446 rustici
573 1389 715 1463 proximas
724 1388 789 1460 vitis
803 1389 913 1446 radices
923 1397 1076 1466 amputant,

291 1502 354 1558 qun
368 1483 444 1542 illam
458 1482 487 1540 in
500 1503 641 1541 summum
654 1484 746 1540 solum
760 1483 874 1552 ducant,
886 1494 917 1540 ut
930 1484 1077 1544 inferiores

290 1579 403 1655 penitus
422 1579 620 1637 descendendo
645 1578 799 1636 firmentur.
839 1579 886 1636 29.
908 1579 954 1636 Ac
980 1581 1078 1638 nescio

278 1694 328 1732 fan
360 1686 519 1748 utrumque,
546 1692 613 1730 cum
639 1692 709 1731 cura
741 1685 769 1732 et
796 1674 889 1736 studio
915 1674 1076 1745 fecerimus,

291 1770 414 1828 invicem
425 1770 523 1846 prosit,
538 1781 570 1828 ut
582 1769 734 1828 scribendo
754 1769 882 1828 dicamus
902 1769 1076 1846 diligentius,

291 1865 413 1924 dicendo
438 1867 596 1924 scribamus
620 1866 741 1924 facilius.
783 1865 973 1924 Scribendum
999 1883 1077 1942 ergo,

291 1962 401 2037 quoties
419 1963 533 2034 licebit3
561 1962 584 2020 si
605 1963 634 2021 id
654 1981 713 2020 non
733 1962 855 2035 dabitur,
876 1961 1076 2040 cogitandum:

290 2059 328 2117 ab
341 2070 460 2136 utroque
473 2059 590 2132 exclusi,
604 2060 709 2118 debent
722 2070 815 2118 tamen
831 2058 929 2130 anniti,
941 2069 973 2117 ut
985 2076 1078 2134 neque

291 2156 481 2233 deprehensus
494 2168 597 2229 orator,
610 2176 703 2233 neque
716 2157 839 2235 litigator
853 2156 1003 2214 destitutus
1016 2173 1078 2216 esso

291 2253 425 2312 rideatur.
464 2253 511 2312 30.
532 2253 700 2328 Plerumque
715 2264 808 2312 autern
820 2253 910 2310 multa
929 2251 1078 2329 agentibus

292 2349 406 2420 accidit,
426 2359 457 2406 ut
482 2349 603 2406 maxime
629 2349 797 2419 necessaria,
818 2357 847 2406 et
872 2347 971 2422 utique
997 2347 1079 2406 initia

291 2445 426 2516 scribant,
441 2453 544 2513 cetera,
565 2463 627 2519 qma
646 2444 732 2501 domo
752 2444 883 2514 afferunt,
904 2442 1078 2520 cogitatione

292 2541 524 2617 complectantur,
538 2539 638 2597 subitis
652 2559 688 2597 ex
701 2550 827 2615 tempore
839 2549 999 2598 occurrant.

280 2684 283 2688 -
330 2639 418 2702 Quod
434 2638 535 2698 fecisse
554 2637 595 2696 M.
610 2638 740 2696 Tullium
760 2638 970 2696 commentariis
990 2638 1079 2716 ipsius

294 2746 416 2814 apparet
457 2735 515 2796 Sed
529 2735 655 2793 seruntur
669 2734 787 2792 aliorum
799 2753 920 2810 quoque,
929 2744 958 2793 et
971 2734 1078 2793 inventi

294 2834 374 2905 sorte,
387 2844 419 2890 ut
432 2851 481 2890 eos
494 2833 622 2890 dicturus
641 2831 760 2906 quisquc
780 2841 985 2906 composuerat,
1000 2841 1029 2890 et
1048 2831 1078 2890 in

293 2927 381 2987 libros
394 2930 496 3006 digesti
504 2950 512 3000 ;
532 2939 564 2986 ut
577 2946 726 2986 causarum
740 2939 881 3004 quaeunt
894 2937 964 2986 actae
979 2946 995 2986 a
1014 2929 1076 2987 Ser.

293 3023 438 3100 Sulpicio:
459 3025 540 3101 cujus
552 3035 609 3082 tres
621 3024 763 3084 orationes
782 3035 906 3096 exstant;
927 3025 977 3084 scd
997 3023 1028 3097 ii,
1042 3023 1078 3084 de

267 3141 269 3145 ¹
293 3119 397 3194 quibus
409 3121 518 3196 loquor,
532 3121 727 3180 commentarii
740 3121 781 3180 ita
792 3131 858 3178 sunt
870 3121 971 3194 exacti,
991 3132 1023 3180 ut
1043 3120 1079 3180 ab

294 3216 356 3293 ipso
368 3215 437 3274 mihi
451 3217 480 3274 in
494 3217 658 3276 memoriam
671 3217 843 3294 posteritatis
855 3217 1003 3278 videantur
1017 3237 1079 3280 esso

294 3313 451 3401 compositi.
491 3315 537 3374 31.
558 3314 635 3376 Nam
643 3315 798 3400 'Ciceronis
812 3315 847 3376 ad
859 3335 982 3392 presens
995 3315 1079 3376 modo
