2675 4009
475 575 558 626 mss.
577 575 715 624 ouauon.
735 574 796 624 cut
815 573 884 646 ms.
1042 565 1082 626 60

284 726 485 805 autcmparari
498 727 643 786 facultatis
662 725 795 786 existimo
815 743 851 784 cx
871 722 1084 800 simplicissima

282 843 395 901 quaque
408 825 535 884 materia.
575 824 653 882 Nam
667 824 698 882 in
712 824 761 882 illa
781 821 933 899 multiplici
1003 839 1083 880 sona·

281 941 354 990 rum,
387 942 547 993 caussarum,
578 929 738 998 tenipus-um,
770 921 811 978 loc
864 841 1082 988 mistriano,

281 1017 431 1096 sactorum
451 1018 614 1076 diversitate
641 1016 726 1075 facile
753 1017 903 1076 delitescet
922 1015 1083 1086 infirmitas,

281 1125 325 1174 tot
337 1135 369 1174 se
381 1116 509 1191 undique
522 1115 617 1186 rebus,
625 1133 662 1172 en
672 1114 776 1189 quibus
790 1115 913 1189 aliquam
929 1113 1085 1190 apprehen·

282 1212 343 1284 das,
357 1212 550 1270 offerentibus.
593 1212 640 1268 ll.
660 1209 737 1268 Illud
750 1210 862 1268 virtutis
876 1210 1015 1270 indicium
1029 1218 1083 1281 est,

171 1386 175 1390 ι
283 1306 412 1379 sundere,
426 1327 489 1383 quse
502 1317 605 1366 natura
618 1317 768 1366 contracta
781 1316 857 1373 sunl,
869 1325 974 1382 augere
987 1325 1083 1382 parva,

283 1403 448 1462 varietatem
460 1403 612 1475 similibus,
626 1403 800 1478 voluptatem
814 1401 951 1477 expositis
964 1401 1042 1472 dure,
1055 1410 1085 1458 ct

283 1498 467 1558 benedicere
482 1500 571 1558 multa
584 1501 620 1558 de
634 1499 744 1575 paucis.

321 1596 357 1654 Io
370 1597 426 1655 boc
438 1598 545 1674 optime
559 1597 667 1656 sacient
686 1596 804 1655 infinita
818 1595 999 1672 quaestiones,
1014 1613 1085 1671 quas

282 1694 379 1752 vocari
391 1696 490 1758 θέσεις
505 1695 637 1766 diximus,
649 1694 867 1770 quibusCicerc
880 1693 938 1769 jam
952 1692 1085 1768 princeps

283 1790 313 1848 iu
326 1810 359 1849 re
373 1792 490 1868 publica
509 1792 637 1850 exerceri
657 1792 774 1850 solebat.
818 1791 864 1848 12.
886 1789 942 1848 His
963 1789 1085 1848 confinis

283 1898 326 1945 est
339 1889 496 1948 destructio
509 1899 539 1946 et
551 1888 732 1946 confirmatio
752 1887 965 1946 sententiarum.
1007 1887 1037 1943 N
1039 1905 1085 1944 am

283 2001 349 2042 oum
364 1985 401 2042 sit
413 1985 723 2045 seutentiadecretum
744 1984 888 2059 quoddam
909 1994 994 2058 atque
1014 2003 1086 2059 prae·

283 2090 413 2155 ceptum3
433 2081 511 2156 quod
530 2081 568 2138 de
586 2100 628 2153 re,
650 2081 725 2138 idem
747 2081 784 2138 de
800 2081 912 2156 judicio
932 2080 975 2137 rei
995 2079 1084 2154 quaeri

283 2185 384 2252 potest.
425 2176 576 2253 Tumloci
589 2195 850 2294 fflmmllssesffiils
864 2177 950 2268 etiam
965 2175 1085 2252 scriptos

283 2239 811 2354 aboramritiis'iislfiaiiita'iffqul
892 2269 896 2280 '

283 2379 355 2441 tum,
369 2380 398 2428 et
411 2371 441 2428 in
453 2370 549 2428 nullos
562 2369 653 2428 flexus
665 2371 831 2430 recedentia
845 2371 962 2447 copiose
982 2381 1085 2430 tracta·

283 2467 365 2540 verit,
379 2468 479 2543 utique
493 2469 522 2527 iu
537 2468 594 2526 illis
606 2468 703 2544 plures
717 2486 855 2526 excursus
875 2469 1083 2545 recipientibus

285 2565 376 2642 magis
389 2565 555 2638 abundabit,
563 2565 674 2641 eritque
687 2565 718 2622 in
731 2583 831 2624 omnes
845 2584 946 2624 causas
959 2577 1082 2642 paratus.

287 2661 331 2719 13.
353 2661 462 2720 Omnes
488 2662 567 2720 enim
586 2661 769 2740 generalibus
789 2662 995 2736 quaestionibus
1016 2681 1084 2720 con·

284 2767 368 2815 stant.
418 2757 497 2817 Nam
522 2759 591 2833 quid
619 2759 747 2829 interest,
777 2757 924 2816 Cornelius
951 2758 1082 2816 tribunus

287 2853 380 2928 plebis
400 2854 476 2930 quod
494 2855 613 2914 codicem
633 2856 745 2930 legerit,
760 2873 825 2912 reus
845 2855 897 2912 iit:
920 2873 955 2912 an
976 2873 1083 2930 quaera-

285 2967 359 3020 mus,
379 2949 539 3009 violatum
551 2951 696 3028 majestas,
710 2952 737 3010 si
749 2951 938 3027 magistratus
958 2953 1083 3028 rogatio·

177 3060 180 3066 ·
285 3063 345 3102 neni
357 3064 437 3104 sumn
443 3048 549 3124 populo
561 3049 622 3124 ipsc
634 3049 823 3107 recitaverit?
864 3048 937 3106 Milo
953 3047 1082 3108 Clodium

284 3151 391 3201 rectem
409 3144 552 3216 occiderit,
573 3144 669 3203 veniat
690 3145 720 3204 iu
736 3145 895 3223 judicium
918 3165 963 3218 an,
988 3147 1082 3224 Opor-

282 3247 378 3298 teotnc
398 3239 592 3299 insidiatorem
611 3241 745 3320 interfici,
760 3243 805 3302 cel
817 3243 1007 3320 perniciosum
1027 3244 1081 3302 rci-

287 3336 412 3416 pablicoe
437 3335 533 3411 cim,
558 3337 671 3398 mansi
696 3357 752 3400 noo
777 3339 951 3400 insidietur?
1007 3337 1081 3400 Cata

836 2243 899 2331 hiae
917 2247 1170 2344 liliam-²⁹³⁴*

1178 2187 1188 2230 l

1174 2246 1185 2282 'l
