2675 4009
282 561 340 630 148
467 587 470 592 ·
510 573 546 620 rr.
565 572 633 620 rra.
652 570 859 628 comitutu

283 727 320 790 at,
341 719 435 780 sinum
454 722 611 780 conveniet.
654 722 720 780 145.
741 721 829 781 Laera
847 740 864 780 a
883 720 1015 782 lancibus
1035 736 1071 780 ac

277 835 392 881 summo
404 829 517 895 pectore
531 819 672 879 abducere
684 820 760 879 licet
801 819 914 878 Ardent
923 818 1001 878 enirn
1011 817 1072 894 jana

282 915 385 975 orauia.
426 915 464 972 Et
483 925 514 972 ut
533 935 587 974 vox
607 916 801 977 vehementior
821 934 857 974 ac
875 915 968 992 magis
993 914 1072 972 varin

282 992 333 1081 cst,
354 1011 396 1071 sic
416 1011 535 1068 amictus
555 1031 667 1088 quoque
694 1013 781 1076 habet
806 1022 902 1071 actum
927 1011 1071 1086 quandam

281 1107 356 1164 reiut
381 1107 565 1182 proelianteur.
609 1109 674 1168 146.
694 1109 794 1183 Itaque
814 1118 846 1166 ut
864 1108 964 1166 lrevarn
983 1107 1072 1166 insol·

280 1219 345 1258 rere
364 1211 432 1278 toga
450 1213 479 1262 et
499 1203 609 1281 incingi
628 1223 710 1280 paeue
730 1204 869 1285 furiosum
888 1213 948 1262 ast:
976 1203 1071 1262 siuurn

278 1315 347 1362 uero
359 1298 389 1358 in
402 1299 531 1358 dextrum
552 1301 701 1358 humerum
723 1301 760 1358 ab
778 1300 839 1356 iuro
858 1300 978 1375 rejicere
997 1299 1072 1358 solu·

280 1403 340 1452 tum
363 1413 396 1455 ac
417 1395 580 1469 delicatum,
593 1397 721 1472 fiuntque
739 1396 833 1454 adhuc
852 1396 933 1472 pejus
957 1395 1071 1471 aliqua:

281 1489 321 1550 ita
333 1510 384 1552 cur
397 1493 532 1553 laxiorem
546 1493 640 1550 sinum
654 1493 769 1550 sinistro
784 1492 901 1551 brachio
914 1511 973 1550 uon
985 1492 1072 1568 subji-

281 1587 411 1646 ciarnusl
451 1589 547 1647 Habet
559 1589 635 1646 euiiu
650 1607 716 1646 acre
728 1588 864 1663 quiddam
885 1599 970 1664 atque
988 1607 1073 1665 expe·

281 1682 380 1754 ditum,
407 1693 435 1740 et
461 1683 549 1742 calori
576 1683 820 1759 concitationique
844 1703 903 1742 nou
935 1684 1070 1745 inhabile.

183 1793 187 1800 ’
282 1777 346 1836 147.
361 1777 436 1836 Cum
444 1797 511 1836 vero
524 1797 627 1856 magua
639 1799 705 1856 pars
717 1790 761 1838 est
774 1781 912 1840 exhausta
923 1781 1071 1854 orationis,

280 1873 378 1949 utique
411 1875 522 1936 afflante
556 1877 679 1950 fortuna,
712 1896 795 1954 pauo
826 1878 923 1936 omnia
955 1879 1061 1938 deccat

280 1971 365 2030 sudor
379 1971 439 2048 ipsa
452 1983 481 2032 st
494 1973 630 2052 fatigatio,
645 1983 674 2032 et
686 1974 876 2052 negligentior
897 1975 1029 2047 amictus,
1042 1985 1073 2034 et

280 2069 372 2128 soluta
385 2088 419 2128 ac
438 2070 515 2128 velat
533 2071 631 2130 labens
651 2071 779 2146 undique
797 2081 872 2148 toga.
914 2071 979 2130 148.
999 2071 1072 2134 Quo

280 2167 370 2244 magis
396 2167 482 2226 miror
515 2167 590 2227 hauc
622 2186 736 2243 quoquc
767 2168 945 2227 succurrisse
975 2167 1072 2226 Plinio

281 2279 387 2334 curam,
401 2272 433 2320 ut
446 2261 486 2320 ita
499 2261 613 2320 sudario
633 2261 755 2320 frontem
775 2262 879 2320 siccari
895 2262 1019 2338 juberet,
1033 2280 1073 2322 nc

280 2374 370 2416 comae
389 2357 585 2430 turbarentur,
605 2376 677 2433 quas
697 2358 832 2433 componi
851 2368 915 2432 post
941 2359 1071 2434 paulum,

280 2451 364 2510 sicuti
390 2451 509 2528 dignum
534 2463 604 2525 erat,
630 2454 753 2530 graviter
780 2463 809 2511 et
841 2472 939 2513 serere
970 2455 1070 2514 vetuit.

280 2543 354 2606 Mihi
367 2565 433 2606 rero
453 2548 508 2611 illac
528 2568 641 2624 quoque
660 2551 780 2608 turbatae
799 2569 858 2626 prae
877 2551 1002 2610 se-lerre
1022 2552 1074 2610 uli·

280 2643 347 2720 quid
361 2643 486 2716 affectus,
501 2655 530 2704 et
549 2645 610 2722 ipsu
630 2646 773 2706 oblivione
792 2666 871 2704 curae
889 2648 974 2725 hujus
993 2666 1072 2706 conr-

280 2741 407 2800 mandari
426 2741 563 2800 videntur.
607 2743 671 2802 149.
692 2743 734 2800 At
752 2743 777 2801 si
798 2744 1002 2820 incipientibus
1022 2755 1073 2804 aut

279 2838 394 2914 paulum
419 2839 575 2917 progressis
601 2840 716 2898 decidat
742 2851 818 2918 toga,
839 2860 898 2899 non
932 2859 1073 2917 reponere

280 2952 352 3006 eam,
365 2955 478 3010 prorsus
497 2937 677 3013 negligentis,
692 2947 740 2994 aut
759 2937 844 3014 pigri,
858 2949 908 2996 aut
927 2938 1074 3014 quomodo

280 3029 380 3088 debeat
394 3032 503 3090 amiciri
517 3033 672 3090 nescientis
685 3044 737 3092 est.

319 3124 391 3184 Hac
422 3137 489 3186 sunt
514 3129 558 3188 rel
585 3129 790 3189 illustramenta
814 3131 1073 3208 pronunciationis,

279 3221 324 3282 rel
336 3222 419 3282 vitia:
440 3224 543 3300 quibus
554 3227 716 3302 propositis,
730 3227 820 3286 inulta
838 3227 966 3306 cogitare
984 3227 1073 3290 debet

280 3328 381 3380 orator.
