2675 4009
443 595 527 645 msr'.
543 595 682 644 ORATOR.
703 595 763 643 mn.
783 595 826 644 Xl.
846 597 865 642 1.
1013 584 1052 648 77

257 765 322 808 rum
336 764 373 806 nc
389 745 509 823 judiciis
528 746 690 819 reservavit,
706 747 786 804 brevi
805 745 977 805 detrimento
993 746 1052 824 jam

257 847 365 906 ultime
385 847 543 905 senectutis
562 865 654 904 aarum
668 847 830 904 seculorum
844 847 972 905 omnium
986 867 1054 905 con·

255 955 382 1002 mentua.
426 945 470 1001 ll.
491 942 593 1018 ltaque
612 943 741 1017 quamvis
761 944 870 1020 Lysias,
885 945 934 1019 qui
948 955 1009 1000 tum
1023 944 1053 1003 in

154 1099 160 1103 ,
257 1038 382 1098 dicendo
400 1038 651 1115 prestantiuimus
671 1038 836 1112 habebatur,
858 1040 1054 1098 defensionem

257 1135 301 1194 illi
311 1136 449 1210 scriptam
462 1134 621 1205 obtulisset,
635 1135 677 1191 uti
691 1152 725 1192 ea
738 1136 846 1194 noluit:
868 1155 934 1194 curn
949 1137 1053 1194 bonam

258 1232 384 1307 quidem,
397 1231 448 1288 ned
460 1249 561 1305 porum
574 1230 629 1288 sibi
642 1231 870 1303 convenientem,
888 1234 1052 1309 judicasset.

257 1327 329 1389 Quo
355 1327 399 1385 vel
419 1327 481 1384 nolo
506 1337 593 1403 patet,
614 1345 672 1383 non
693 1328 890 1402 persuadendi,
912 1330 961 1386 sed
982 1331 1054 1387 bene

258 1423 373 1482 dicendi
387 1423 474 1480 finem
487 1423 518 1480 in
531 1433 644 1481 oratore
657 1423 837 1494 servandum,
853 1443 920 1481 cum
940 1425 1055 1482 interim

257 1520 429 1596 persuadere
442 1519 571 1577 deforme
583 1520 628 1578 ait.
669 1519 739 1576 Non
754 1521 807 1578 fuit
821 1520 876 1577 hoc
891 1521 961 1578 utile
977 1521 1056 1578 abao-

257 1615 375 1675 lutioni:
389 1617 450 1688 aed,
461 1617 539 1692 quod
552 1627 596 1674 eat
609 1617 709 1694 majus,
722 1617 831 1674 homini
845 1617 907 1674 fuit.
951 1618 995 1675 12.
1018 1617 1056 1675 Et

256 1731 310 1772 non
336 1713 495 1771 secundum
515 1732 697 1771 communem
716 1715 811 1790 potina
832 1714 967 1790 loquendi
988 1733 1056 1771 con-

256 1809 448 1881 suetudinem,
460 1828 545 1884 quam
560 1810 650 1884 ipsam
671 1811 796 1867 veritatis
809 1811 947 1888 regulam,
962 1810 1056 1868 dirisi-

257 1923 313 1963 one
326 1905 382 1962 hac
394 1906 512 1976 utimur,
527 1906 667 1976 mahen,
683 1907 758 1980 quod
779 1907 888 1977 deceat,
903 1907 1055 1964 utilitatem

257 2019 428 2076 separemus.
469 2001 536 2057 Nisi
555 2001 628 2057 t'orte
647 2002 724 2075 prior
752 2001 800 2059 ille
820 2003 985 2073 Africanus,
1007 2004 1056 2076 qui

256 2097 349 2174 patria
360 2096 474 2167 cedere,
488 2114 572 2170 quam
586 2114 654 2152 cum
665 2097 781 2153 tribuno
794 2098 884 2172 plebis
899 2097 1057 2156 humillimo

260 2193 435 2252 contendere
461 2192 499 2249 de
525 2191 691 2248 innocentia
717 2211 768 2250 sua
788 2193 896 2264 maluit,
918 2193 1056 2266 inutiliter

257 2291 314 2349 cibi
327 2289 438 2348 ridetur
452 2288 649 2346 consuluisae:
671 2299 720 2345 aut
733 2289 764 2346 P.
780 2289 918 2362 Rutilius,
930 2290 972 2347 vel
988 2309 1055 2348 curn

259 2388 309 2446 illo
321 2405 404 2463 pene
423 2385 576 2444 Socration
595 2403 700 2462 genere
721 2385 894 2444 defensionis
914 2397 957 2444 est
976 2405 1054 2460 utus,

257 2485 300 2544 rel
328 2503 406 2556 cum,
433 2492 586 2541 revocante
612 2501 678 2540 cum
705 2483 737 2540 P.
766 2484 855 2555 Sulla,
883 2503 998 2543 manere
1025 2485 1055 2544 in

258 2581 345 2640 exilio
379 2580 490 2647 maluit,
526 2578 594 2655 quid
628 2579 683 2636 sibi
716 2580 838 2637 maxime
872 2581 1055 2654 conduceret,

258 2677 413 2736 nesciebat.
456 2675 501 2733 13.
524 2675 565 2732 Hi
578 2693 646 2732 vero
665 2693 754 2749 parva
772 2674 829 2746 illa,
845 2693 907 2749 quae
929 2675 1056 2750 abjectis-

259 2774 349 2831 simun
362 2772 483 2847 quinque
498 2772 610 2829 animun
622 2771 706 2828 utilia
719 2770 818 2837 credit,
834 2771 858 2827 si
873 2789 938 2827 cnm
952 2771 1056 2829 virtute

259 2868 452 2940 conferantur,
480 2867 664 2943 despicienda
689 2865 1055 2942 judicaveruntvideoqne

258 2975 397 3040 perpetua
436 2964 599 3022 seculorum
640 2961 828 3020 admiratione
866 2961 1054 3021 celebrantur.

259 3060 365 3135 Neque
377 3079 431 3118 nos
442 3061 532 3118 aimus
544 3070 603 3116 tarn
616 3059 748 3126 humiles,
762 3067 794 3116 ut
815 3077 877 3132 qun
897 3059 1055 3132 laudamus,

260 3156 375 3215 inutilia
399 3145 556 3214 credmnua.
612 3156 657 3212 ll.
692 3154 751 3213 Sed
778 3155 833 3212 hnc
859 3155 1056 3231 qualecunque

260 3253 416 3314 discrimen
428 3271 494 3310 raro
507 3252 659 3310 admodum
679 3252 782 3311 evenit.
823 3251 959 3311 Ceterum
979 3252 1056 3311 idem

260 3349 331 3424 lere,
353 3358 386 3409 ut
410 3347 481 3421 dixi,
501 3346 532 3406 iu
550 3346 631 3406 omni
650 3363 756 3426 genere
775 3363 925 3409 emtarum
944 3355 973 3406 ct
992 3365 1056 3425 pro-

495 3444 540 3506 70
