2675 4009
360 617 362 622 '
415 605 508 654 [NH-¹
519 603 656 654 ORATOR.
675 603 739 652 ΗΒ.
755 604 801 656 11.
820 605 843 652 ³.
972 597 1031 656 187

234 755 343 836 uhu),
364 764 395 816 et
411 765 560 816 eontracta
578 755 666 814 etiam
685 755 839 817 minata
875 752 1031 831 Quidquid

235 853 335 914 horum
375 852 446 912 ulter
485 850 610 923 leoiaaet
648 849 837 910 fedissimum
877 850 1028 909 videretur.

232 948 334 1012 Quare
346 948 423 1010 norit
436 967 467 1006 se
480 948 609 1023 quisque,
624 965 681 1006 aee
691 958 804 1008 tantum
816 967 853 1007 u
871 947 1031 1006 eommuni-

235 1046 287 1106 bus
309 1043 469 1122 praeruptis,
490 1043 647 1102 sedetiam
667 1063 705 1102 ex
731 1053 834 1104 natura
858 1063 911 1104 sua
935 1044 1034 1121 capim

235 1141 390 1204 amulium
400 1140 556 1200 summum
578 1140 707 1198 aetionis,
749 1140 815 1198 181
835 1141 939 1218 Neque
958 1141 1037 1199 Ml

234 1248 329 1295 tamen
343 1246 387 1295 est
398 1237 490 1309 nesus,
504 1245 536 1295 ut
550 1237 674 1312 aliquem
685 1236 731 1295 vel
744 1237 842 1295 omnia
850 1239 896 1296 rel
908 1239 1032 1314 merim·

234 1335 366 1392 deceant.
408 1333 504 1411 Hujus
517 1353 630 1410 quoque
643 1334 701 1394 looi
716 1334 845 1391 clausula
863 1334 901 1391 sit
919 1335 1030 1406 eadem,

235 1449 353 1489 neeesse
372 1441 423 1504 est,
438 1450 501 1507 que
522 1441 683 1490 oeterorum
702 1441 755 1504 est,
769 1447 890 1508 regnare
908 1429 1032 1488 maxime

235 1528 358 1586 modum.
399 1527 468 1588 Nou
482 1529 559 1587 enim
573 1529 735 1588 aomoedum
748 1546 821 1600 esse,
830 1528 1031 1586 sederatorem

235 1625 306 1684 volo.
346 1625 448 1688 Quare
461 1645 555 1702 neque
568 1627 599 1684 in
613 1639 695 1704 gestu
708 1644 911 1704 persequemur
930 1642 1031 1683 omnes

235 1723 370 1800 argutias,
384 1743 440 1782 neo
454 1723 484 1781 in
504 1723 647 1798 loquendo
667 1723 910 1796 distinotionibus,
924 1731 1032 1800 tempo·

236 1819 325 1890 ribus,
341 1819 540 1877 affectionibus
560 1820 679 1876 moleste
698 1830 820 1878 utemur.
862 1819 926 1878 182.
947 1818 987 1878 Ut
1005 1818 1031 1877 si

234 1914 273 1972 sit
286 1915 316 1972 in
330 1931 417 1972 seona
430 1914 594 1986 nitendum,

266 2090 284 2118 “
293 2086 361 2146 nuit
370 2086 447 2152 igitur
456 2085 561 2136 faeiem?
577 2100 704 2148 ironeam,
714 2103 747 2136 ne
756 2102 826 2136 nuno
836 2086 945 2151 quidem,

292 2166 360 2216 Cum
370 2181 480 2216 aroessor
490 2166 571 2214 ultro?
588 2181 621 2214 an
631 2167 714 2229 potius
724 2167 759 2216 ita
768 2181 809 2216 me
820 2182 970 2231 eomparem,

290 2247 349 2297 Non
358 2247 452 2312 perpeti
463 2246 622 2296 meretricum
632 2247 812 2296 contumelias?
821 2247 837 2270 ’'

235 2409 296 2470 Hie
309 2409 386 2468 euim
399 2407 587 2466 dubitationis
606 2425 711 2480 moras,
725 2408 806 2466 roois
825 2407 925 2484 flexus,
939 2409 1032 2470 varias

234 2506 480 2579 maurannetus
490 2515 576 2564 nutus
587 2515 666 2563 aotor
681 2505 834 2564 adhibebit
868 2507 957 2565 Aliud
970 2527 1032 2566 ora·

234 2605 277 2662 tio
291 2603 374 2678 sapit,
389 2619 445 2659 neo
458 2602 518 2660 vult
531 2603 651 2660 nimium
665 2619 728 2658 esse
742 2603 866 2660 eondita.
906 2603 1032 2661 Aetione

234 2699 315 2757 enirn
338 2707 459 2769 constet,
480 2717 537 2755 uon
558 2698 725 2756 imitatione.
769 2698 833 2755 188
852 2697 954 2759 Quare
972 2717 1030 2756 non

237 2791 382 2852 immerito
395 2792 609 2867 reprehenditur
622 2793 823 2869 pronuntiatio
843 2802 872 2850 et
891 2793 1030 2867 vultuosa,

235 2899 267 2948 et
280 2887 544 2965 gesticulationibus
557 2890 685 2963 molesta,
695 2899 724 2948 et
737 2889 816 2947 vocis
829 2889 1032 2950 mutationibus

238 2983 388 3044 resultans.
442 2980 508 3040 Neo
541 2983 679 3043 inutiliter
712 3003 747 3043 ex
779 2985 890 3044 Graeois
922 2997 1031 3048 veteres
1069 2981 1073 2991 ’

236 3079 452 3151 transtulerunt,
491 3079 568 3156 quod
615 3082 649 3140 ab
688 3082 724 3140 iis
768 3092 892 3141 sumtum
930 3083 1031 3144 Laenas

236 3176 368 3254 Popilius
393 3175 497 3252 posuit,
524 3195 586 3235 esse
612 3179 684 3237 lane
716 3179 863 3239 inotiosom
888 3181 1030 3240 actionem

239 3273 308 3336 ret.
341 3271 459 3351 Optime
490 3273 577 3352 igitur
603 3273 690 3349 idem,
716 3277 767 3354 qui
793 3279 899 3353 omnia,
919 3277 1031 3347 k(littero

478 3370 516 3428 14
