2675 4009
279 565 321 625 88
521 573 559 624 st.
576 573 646 622 ran
665 571 885 642 cummium,

280 743 339 783 one
362 726 442 784 omni
468 725 586 797 remisse
611 725 764 800 loquetur?
803 725 851 782 et.
872 722 945 786 Quo
970 721 1081 802 fugerit

281 822 395 881 iuterim
409 822 492 878 dolor
504 821 572 878 illel
586 822 636 878 ubi
649 821 775 879 lacrimas
789 820 986 878 substiterint?
1000 819 1080 878 unde

280 935 313 976 se
345 918 375 975 in
401 917 529 974 medium
561 928 620 976 tam
652 935 755 976 secura
787 917 948 975 observatio
975 916 1078 974 artium

281 1014 411 1071 miseriti
464 1013 535 1071 Non
562 1016 598 1072 ab
624 1014 741 1073 exordio
768 1033 859 1090 usquc
886 1013 921 1071 ad
947 1014 1081 1072 ultimant

280 1127 381 1168 rocem
396 1111 551 1168 continuus
564 1113 680 1187 qnidam
702 1113 835 1190 gemitus,
849 1121 878 1170 et
898 1111 974 1175 idem
993 1111 1081 1170 tristi-

280 1207 328 1264 tiae
348 1207 443 1265 vultus
469 1209 635 1281 servabitur,
656 1209 682 1266 si
709 1209 824 1284 quidem
850 1208 926 1266 volet
952 1208 1080 1266 dolorem

280 1321 364 1361 snum
384 1305 471 1363 eriam
491 1305 522 1362 iu
543 1306 691 1364 audientes
711 1305 929 1362 transfunderet
949 1321 1034 1380 quem
1054 1303 1080 1362 si

279 1417 402 1476 usquam
425 1402 578 1472 remiserit,
601 1401 778 1459 inanimum
802 1401 994 1476 judicantium
1020 1419 1080 1459 non

279 1499 406 1557 reducet
447 1500 495 1556 55.
516 1497 607 1558 Quod
619 1497 764 1573 praecipue
777 1497 1003 1554 declamantibus
1017 1498 1083 1574 (ne-

280 1611 336 1667 que
349 1594 427 1650 enirn
441 1610 488 1649 me
500 1593 621 1667 poenitet
634 1592 669 1648 ad
683 1592 739 1648 hcc
753 1609 867 1666 quoquc
880 1609 952 1666 opus
972 1609 1082 1666 meum,

279 1698 309 1744 et
321 1705 421 1744 curam
435 1698 631 1762 susceptorum
646 1687 733 1744 semel
750 1687 973 1745 adolescentium
993 1689 1090 1765 respiu

280 1785 361 1862 cere)
389 1783 611 1840 custodiendum
638 1793 691 1854 est,
719 1801 776 1858 quo
801 1783 897 1859 plures
925 1785 955 1842 in
982 1783 1083 1844 schola

280 1879 426 1955 finguntur
447 1879 575 1952 affectus,
590 1897 671 1955 quos,
686 1897 745 1936 non
765 1890 796 1936 ut
817 1879 957 1952 advocati,
979 1881 1029 1938 sed
1049 1895 1082 1939 ut

279 1975 366 2052 passi,
380 1975 528 2034 subimus:
554 1977 603 2034 56.
625 1995 693 2034 cum
713 1976 799 2034 etiam
821 1975 879 2033 hoc
891 1993 983 2054 genus
995 1976 1082 2034 simu·

280 2073 334 2130 lari
346 2073 440 2132 litium
454 2074 553 2145 soleat,
564 2093 632 2131 cum
644 2073 692 2150 jus
707 2073 804 2131 mortis
820 2091 836 2130 a
850 2083 949 2131 senatu
964 2071 1080 2148 quidum

280 2170 325 2228 rel
345 2171 385 2228 ob
406 2171 530 2245 aliquam
549 2189 685 2246 magnam
706 2169 914 2241 infelicitatem,
928 2169 973 2226 vel
994 2167 1080 2252 etiutu

280 2268 477 2343 poenitentiam
489 2277 600 2342 petunt,
612 2267 642 2323 in
656 2267 761 2340 quibus
774 2283 832 2323 non
847 2266 939 2323 solum
953 2275 1079 2338 cantare,

282 2363 360 2437 quod
379 2363 480 2418 vitium
499 2363 633 2436 pervasit,
649 2371 698 2418 aut
716 2362 857 2433 lascivire,
872 2362 923 2420 sed
943 2381 980 2419 nc
1001 2379 1083 2439 argu·
1188 2369 1189 2404 l

282 2457 404 2515 mentari
418 2457 534 2530 quidem
547 2457 603 2513 nisi
618 2456 723 2528 mixtis,
737 2467 766 2514 et
780 2457 896 2534 quidem
910 2459 959 2532 ita,
974 2470 1007 2518 ut
1020 2459 1081 2536 ipsa
1188 2475 1189 2498 t

282 2552 452 2630 probatione
484 2553 575 2628 magis
615 2552 771 2624 emineant,
807 2555 956 2612 affectibus
989 2557 1079 2614 decet.

283 2649 360 2708 Nam
375 2649 425 2724 qui
439 2649 627 2706 intermittere
647 2649 678 2706 in
700 2650 810 2726 agendo
830 2651 958 2710 dolorem
977 2661 1080 2729 potest,

284 2747 395 2805 ridetur
407 2763 492 2822 posse
503 2745 591 2804 etiam
604 2747 756 2821 deponere.

322 2846 370 2902 57.
398 2843 508 2901 Nescio
520 2853 615 2900 tamen
630 2861 665 2899 au
687 2842 780 2918 hujus,
795 2843 831 2901 de
852 2861 909 2920 quo
928 2845 1082 2921 loquimur,

285 2940 398 2998 decoris
418 2940 548 2997 custodia
567 2939 690 2996 maxime
711 2939 790 2998 circu
809 2959 868 3012 eos,
889 2953 991 3000 contra
1011 2961 1084 3018 quos
1188 2961 1189 2966 ¹

285 3037 418 3107 dicimus,
443 3036 631 3094 examinanda
657 3035 702 3094 ait.
743 3035 820 3095 Nam
848 3038 910 3096 sine
937 3039 1027 3098 dubio
1051 3040 1082 3098 in
1168 3057 1170 3064 ’

286 3133 420 3190 omnibus
434 3133 528 3190 atatim
543 3132 775 3191 accusationibus
789 3135 845 3193 hcc
866 3138 1009 3214 egendum
1028 3147 1083 3212 est,
1188 3151 1189 3166 ³

286 3247 325 3288 ne
338 3229 374 3287 ad
393 3245 442 3286 eas
460 3229 582 3284 libenter
602 3229 784 3290 descendisse
805 3233 958 3292 videamur.
999 3232 1084 3292 Ideo-
1188 3245 1189 3248 ’

286 3343 345 3402 que
372 3324 444 3383 mihi
468 3323 540 3382 illud
565 3324 660 3385 Cassii
687 3328 788 3388 Severi
814 3347 873 3390 non
899 3333 1082 3396 mediocriter
1124 3326 1127 3330 ’
