2675 4009
285 563 342 632 tut
505 570 542 622 rr.
560 569 629 618 rte.
648 567 854 626 cunmumnr

283 721 452 786 cotenditur.
493 717 651 782 Annuendi
671 736 785 794 quoque
803 725 834 776 et
852 713 993 774 renuendi
1011 714 1085 776 ruti-¹

284 841 341 883 oue
367 821 563 892 demittuntur,
591 828 640 876 aut
667 817 832 876 alleventur.
879 815 928 873 8⁰.
949 814 1085 874 Naribua

284 920 427 996 labrisque
441 936 498 976 non
512 917 571 976 sere
581 916 736 994 quidquam
746 915 880 974 decenter
892 913 1081 986 ostendimur,

285 1016 397 1076 temetsi
417 1013 528 1073 derisus
548 1013 594 1085 iis,
614 1022 786 1084 contemtus,
808 1010 954 1069 fastidium
972 1009 1084 1086 signifi·-

285 1113 345 1178 uari
358 1113 437 1172 solet
478 1110 548 1170 Non
561 1120 591 1170 et
610 1129 764 1185 cormgore
783 1127 877 1180 norm,
890 1117 924 1164 ut
941 1105 1084 1164 Horatirae

286 1208 337 1279 tit,
349 1218 378 1268 et
398 1207 508 1280 inflare,
522 1217 555 1268 et
571 1225 695 1278 movere,
709 1215 739 1264 et
757 1205 849 1282 digito
868 1204 1036 1279 inquietare,
1048 1212 1085 1261 et

284 1305 367 1384 pulso
381 1305 476 1364 subito
490 1303 590 1380 spiritu
604 1311 749 1378 excutere,
763 1310 793 1359 et
811 1301 947 1358 diducere
966 1299 1084 1375 sepino,

286 1411 316 1465 et
334 1401 420 1478 plane
439 1419 525 1460 manu
540 1399 716 1476 resupinare,
737 1398 906 1456 indecorum
925 1407 987 1454 eet:
1013 1415 1085 1454 cum

287 1498 433 1558 emunctio
446 1499 533 1556 etiam
548 1495 721 1571 frequentior
734 1513 793 1552 non
806 1494 869 1552 aine
882 1512 970 1552 cauea
988 1511 1086 1569 repre·

287 1594 434 1654 hendatur.
484 1593 531 1650 el.
561 1591 656 1648 Lnbre
681 1599 711 1648 et
734 1589 917 1667 porriguntur
943 1589 1026 1662 male,
1051 1599 1086 1648 et

286 1689 466 1760 scinduntur,
493 1695 522 1746 et
549 1687 754 1764 astringrmtur,
779 1696 810 1744 et
842 1686 1026 1758 diducuntur,
1051 1695 1086 1744 et

286 1784 387 1844 dentes
399 1783 520 1856 nudant,
534 1793 564 1842 et
577 1783 607 1842 in
620 1783 695 1842 letus
711 1801 746 1840 ac
757 1801 840 1860 pene
854 1784 890 1840 ad
910 1801 1006 1842 aurem
1026 1792 1087 1840 tra·

286 1880 403 1953 huntur,
424 1890 454 1940 et
473 1880 551 1940 velut
570 1881 694 1956 quodam
715 1879 830 1939 fastidio
848 1880 1031 1955 replicantur,
1051 1889 1086 1936 et

286 1977 422 2055 pendent,
436 1987 466 2038 et
478 1991 580 2038 vocem
593 1987 704 2036 tanturn
718 1977 807 2034 altera
824 1986 906 2053 parte
925 1976 1087 2034 dimittunt.

286 2074 427 2136 Lambere
438 2095 550 2154 quoque
563 2094 597 2134 ea
610 2085 639 2133 et
653 2073 792 2147 mordere,
803 2074 931 2132 deforme
943 2083 1002 2132 eet:
1016 2090 1088 2136 oum

287 2172 375 2232 etiarn
395 2173 426 2232 in
446 2172 604 2232 efficiendir
623 2171 720 2229 verbis
744 2171 876 2228 modicus
900 2188 1000 2228 eorum
1019 2189 1089 2228 esee

287 2269 389 2328 debeat
415 2279 517 2328 motus.
558 2267 618 2326 Ore
644 2267 722 2326 enim
747 2267 848 2342 magia,
875 2284 960 2339 quam
985 2265 1087 2339 labris,

286 2363 462 2438 loquendum
488 2373 538 2422 est
587 2363 635 2420 82.
662 2361 813 2419 Gerrieem
834 2370 946 2418 rectam
972 2371 1091 2434 oportet

286 2476 359 2529 esre,
374 2475 432 2516 non
446 2457 569 2532 rigidam
589 2466 638 2514 aut
657 2455 797 2530 supinam.
837 2453 953 2512 Collum
971 2455 1091 2518 diversa

286 2552 402 2630 quidem
428 2551 479 2610 ned
504 2550 566 2628 pari
592 2550 772 2612 deformitate
797 2558 827 2608 et
851 2551 1028 2610 contrahitur
1054 2565 1089 2612 et

286 2651 428 2722 tenditur:
449 2651 505 2710 sed.
520 2659 601 2708 tenso
620 2651 718 2708 subeat
737 2659 767 2707 et
784 2649 875 2719 labor,
895 2660 1086 2727 tenuaturque

287 2767 343 2808 ron
356 2767 389 2808 ec
403 2747 544 2826 fatigatur.
585 2747 712 2805 Affixum
724 2747 835 2823 pectori
847 2758 976 2806 mentum
988 2748 1088 2809 minua

288 2847 404 2918 claram,
425 2855 455 2904 et
474 2844 555 2921 quasi
584 2844 715 2904 latiorem
739 2863 839 2920 presso
864 2855 979 2922 gutture
1005 2845 1084 2904 facit.
1191 2894 1194 2900 .

287 2941 336 3000 83.
357 2941 552 3001 Humerorum
565 2959 630 3000 raro
643 2941 750 3000 decena
763 2941 895 3000 allevatio
914 2952 998 3018 atque
1017 2961 1086 3001 cen·

288 3037 391 3096 tractio
417 3048 468 3098 eet.
509 3038 656 3098 Breriatur
681 3038 759 3096 mim
785 3037 890 3110 cervix,
917 3048 947 3096 et
971 3049 1086 3115 gentum

288 3132 430 3211 quendam
444 3134 582 3196 humilem
603 3145 688 3210 etque
706 3135 847 3204 aeneidem,
860 3144 890 3192 et
908 3135 989 3210 qumi
1010 3134 1089 3194 frou·

290 3229 439 3295 dolentum
459 3229 537 3302 feeit,
559 3249 626 3290 cum
645 3249 678 3290 ee
695 3231 727 3290 in
746 3230 874 3288 habitum
901 3230 1084 3303 adulationia,

292 3324 497 3402 eduinum
511 3335 604 3388 netur
623 3327 743 3410 fingunt
780 3327 830 3388 et
851 3326 969 3388 Brachii
986 3326 1087 3387 mode-
