2675 4009
282 571 325 633 84
507 580 543 626 Μ.
562 577 634 626 FAB.
651 575 858 634 QUINTILIANI

179 750 183 756 ·
285 691 486 806 quemcunque
512 729 666 788 dicentem.
719 727 766 786 38.
800 725 898 804 Negat
930 745 961 786 se
987 728 1084 805 magui

285 827 380 886 facere
408 826 510 902 aliquis
536 831 697 902 poetarum,
719 832 815 882 utrum
843 823 943 881 Coescr
963 833 1025 882 aler
1044 843 1084 882 un

285 924 365 982 aldus
384 924 461 980 domo
480 923 538 980 sit:
559 922 685 982 insania:
719 933 807 994 verte,
835 932 868 980 ut
890 920 967 978 idem
987 922 1084 978 Cesar

285 1020 322 1080 de
335 1020 385 1076 illc
398 1018 512 1090 dixerit,
527 1019 689 1096 arrogantia
701 1028 754 1076 est.
796 1017 889 1094 Major
904 1017 934 1074 in
953 1017 1082 1094 personis

284 1115 446 1174 observatio
459 1126 504 1174 est
516 1116 593 1192 apud
606 1117 732 1194 tragicus
746 1116 938 1190 comicosque.
980 1113 1082 1171 Multis

284 1211 363 1270 euim
388 1221 519 1285 utuntur,
539 1224 569 1270 et
587 1213 682 1272 variis.
723 1211 834 1270 Eadem
854 1221 883 1269 et
903 1229 1012 1283 eorum,
1033 1209 1082 1285 qui

284 1308 428 1367 crationes
442 1309 506 1368 aliis
519 1303 692 1382 scribebant,
703 1309 757 1367 fuit
770 1310 856 1379 rati03
880 1318 909 1366 et
922 1308 1085 1366 declaman-

283 1405 358 1464 tium
383 1418 435 1466 eat
475 1407 546 1465 Non
572 1408 650 1465 enim
677 1423 788 1480 semper
813 1415 845 1462 ut
872 1381 1011 1476 advocali
1032 1404 1084 1463 scd

283 1504 452 1580 plerumque
465 1514 498 1561 ut
509 1504 667 1578 litigatores
681 1501 812 1557 dicimus.

322 1601 369 1658 39.
397 1600 506 1656 Verum
519 1599 605 1654 etiam
619 1598 649 1655 iu
663 1597 708 1654 his
721 1596 825 1666 causis,
840 1595 943 1670 quibus
964 1595 1084 1653 advoca·

283 1713 357 1765 mur,
371 1694 472 1751 eadem
485 1693 648 1750 differentia
660 1692 813 1768 diligenter
827 1702 871 1749 est
884 1691 1082 1750 custodienda.

283 1788 397 1846 Utimur
417 1789 495 1848 enim
514 1788 632 1846 fictione
657 1805 853 1864 personarum,
874 1798 904 1844 et
930 1787 1006 1845 velut
1032 1803 1084 1846 cre

284 1884 378 1944 alieno
391 1885 551 1959 loquimur:
572 1884 717 1959 dandique
731 1894 797 1942 sunt
811 1884 856 1956 iis,
867 1883 972 1959 quibus
982 1901 1083 1942 vocem

285 1983 546 2055 accommodamus,
560 1982 606 2040 sui
620 2001 722 2040 mores.
764 1981 857 2040 Aliter
871 1981 949 2039 euim
969 1981 1000 2038 P.
1017 1979 1084 2038 Clo·
1152 2043 1156 2050 ,

284 2078 359 2150 diua,
374 2080 455 2138 aliter
468 2080 582 2157 Appius
596 2080 720 2138 Caecus:
742 2079 822 2138 aliter
836 2078 1010 2138 cecilianus
1024 2077 1081 2150 ille,

285 2177 366 2236 aliter
379 2177 574 2236 Terentianus
586 2186 668 2254 pater
676 2177 801 2254 tingitur.
841 2175 888 2234 40.
908 2175 992 2237 Quid
1006 2191 1083 2250 aspe-

284 2275 344 2333 rius
369 2275 473 2334 lictore
498 2275 618 2334 Verrisl
664 2275 704 2331 Ut
729 2274 826 2341 adens,
853 2281 965 2330 tuntum
990 2271 1081 2330 dadis.

283 2371 367 2432 Quid
381 2371 482 2428 fortius
495 2371 555 2440 illo,
570 2370 654 2444 cujus
674 2371 748 2426 inter
768 2370 830 2444 ipsa
849 2370 998 2426 verberum
1018 2385 1084 2444 sup-

283 2466 372 2541 plicia
384 2485 443 2522 una
462 2483 517 2522 vox
537 2465 715 2535 audiebatur,
732 2464 812 2521 Oiais
832 2464 980 2523 Romanas
999 2467 1085 2524 sum?

283 2562 384 2625 Quam
403 2561 499 2638 dignm
519 2558 640 2618 Milonis
659 2560 690 2618 in
709 2561 890 2636 peroratione
910 2562 971 2638 ipsa
997 2579 1084 2619 voces

284 2677 321 2718 ac
333 2657 404 2730 viro,
418 2657 468 2732 qui
480 2674 532 2732 pro
546 2656 693 2733 republica
707 2656 872 2715 seditiosum
887 2657 978 2716 civem
998 2657 1084 2716 toties

285 2754 518 2831 compescuisset,
532 2753 639 2829 quique
652 2751 771 2809 insidias
784 2753 887 2812 virtute
900 2755 1085 2830 superasset?

284 2852 332 2908 41.
352 2851 487 2927 Denique
498 2869 558 2908 ncu
571 2849 657 2908 modo
669 2858 739 2924 quot
753 2849 782 2906 in
802 2869 898 2918 causa,
912 2851 1031 2909 totidem
1052 2850 1083 2908 in

283 2948 482 3022 prosopopaeia
500 2957 567 3004 sunt
586 2946 754 3003 varietates:
775 2948 825 3004 sed
845 2947 901 3005 hoc
920 2947 1006 3006 etiam
1020 2947 1082 3024 plu·

284 3059 339 3112 res,
360 3043 438 3116 quod
457 3043 487 3099 in
507 3043 554 3100 his
571 3060 737 3118 puerorum,
758 3043 938 3114 feminarum,
958 3044 1080 3120 populo-

283 3155 359 3208 rum,
371 3147 514 3196 mutarum
534 3139 621 3197 edam
634 3156 729 3196 rerum
744 3139 940 3212 assimulamus
954 3140 1081 3210 affectus,

285 3233 389 3310 quibus
404 3235 539 3292 omnibus
550 3236 670 3294 debetur
684 3253 754 3294 suus
767 3237 862 3294 decor.
902 3237 949 3294 42.
971 3235 1083 3294 Eadem

285 3330 316 3389 in
329 3331 375 3405 iis,
388 3349 442 3408 pro
453 3331 558 3407 quibua
571 3350 699 3412 agemus,
713 3332 888 3394 observanda
905 3343 979 3394 sunt.
1021 3331 1083 3391 Ali·
