2675 4009
266 541 307 604 82
494 551 530 599 u.
550 551 843 607 reconduntur

268 719 362 778 neque
383 701 486 780 agendi
505 719 586 760 more
607 720 641 759 ac
660 701 757 773 modo,
772 701 931 758 contineri:
953 717 1010 777 quo
1030 699 1066 756 ab

269 797 333 873 ipso
345 799 449 860 mentis
465 798 564 855 habitu
583 798 767 855 manifestum
788 797 834 870 sit,
848 806 906 854 tam
927 796 957 854 in
978 796 1066 856 susci·

267 893 390 970 piendis‚
411 913 496 970 quam
521 894 551 952 in
572 893 691 972 agendis
711 893 806 952 causis
826 893 896 951 nibil
917 893 998 970 pensi
1019 893 1067 949 ha·

269 989 345 1048 bere.
386 991 433 1048 30.
454 990 566 1048 Profert
579 991 657 1049 enim
676 1009 770 1048 mores
783 991 951 1066 plerumque
964 989 1064 1060 oratio,

267 1095 298 1144 et
319 1085 406 1144 animi
426 1098 538 1146 secreta
557 1087 673 1166 detegit.
714 1087 780 1146 Nec
794 1087 855 1145 siue
870 1106 957 1144 causa
970 1085 1066 1144 Graeci

268 1183 464 1260 prodiderunt,
497 1184 536 1242 Ut
568 1185 658 1257 υἰυαί,
686 1203 817 1262 quemque
850 1185 934 1242 etiam
966 1183 1064 1241 dicere.

269 1278 433 1339 Humiliora
446 1281 495 1340 illa
507 1281 592 1340 vitia:
614 1281 765 1339 summissa
785 1280 920 1352 adulatio,
936 1280 1066 1337 affectata

268 1378 436 1451 scurrilitas,
451 1379 481 1436 in
494 1379 580 1436 rebus
594 1397 628 1435 ac
641 1377 735 1434 verbis
754 1395 855 1452 parurn
875 1376 1011 1433 modestis
1032 1393 1066 1432 ac
1165 1406 1168 1414 ·

268 1473 383 1550 pudicis
408 1474 473 1531 vilis
498 1474 601 1548 pudor,
628 1471 659 1529 in
686 1471 764 1528 omni
791 1471 909 1548 negotio
934 1471 1068 1546 neglecta

269 1569 441 1638 auctoritas;
468 1586 532 1641 quaa
553 1567 613 1624 lere
640 1566 777 1624 accidunt
802 1566 847 1638 iis,
869 1564 918 1641 qui
945 1565 1067 1622 nimium

269 1673 318 1720 aut
331 1662 428 1720 blaudi
441 1681 514 1734 esse,
530 1672 578 1720 aut
591 1661 707 1719 ridiculi
721 1662 829 1720 volunt.

307 1759 354 1816 31.
381 1757 480 1835 Ipsum
493 1757 581 1816 etiam
594 1758 766 1833 eloquentiae
786 1777 877 1836 genus
899 1757 968 1816 alios
990 1757 1067 1816 aliud

268 1853 360 1914 decet
401 1853 479 1913 Nam
498 1873 592 1932 neque
613 1864 672 1912 tanr
693 1855 820 1931 plenum,
836 1865 864 1912 et
885 1864 1024 1927 erectum,
1039 1863 1067 1912 et

269 1951 372 2025 audax,
393 1961 423 2012 et
444 1952 615 2029 praecultum
640 1952 759 2010 senibus
785 1951 960 2023 convenerit,
983 1969 1067 2026 quam

267 2067 407 2126 pressum,
428 2059 457 2108 et
477 2049 555 2122 mite,
576 2059 606 2107 et
624 2048 765 2118 limatum,
787 2058 815 2106 et
836 2048 920 2124 quale
946 2045 1067 2124 intelligi

268 2147 330 2206 rult
349 2148 465 2220 Cicero,
477 2165 545 2204 curn
565 2146 646 2218 dicit,
667 2147 825 2205 orationem
846 2165 926 2202 suam
947 2145 1067 2220 coepisse

269 2263 412 2302 coemere
419 2265 430 2309 ,·
464 2243 540 2300 sicut
565 2243 693 2300 vestibus
719 2259 832 2318 quoque
858 2259 917 2298 non
942 2257 1068 2316 purpura

269 2357 418 2414 coccoque
444 2339 619 2414 fulgentibus
645 2338 696 2394 illa
728 2348 796 2394 aetas
829 2337 897 2394 satis
931 2347 996 2412 apta
1022 2336 1066 2393 sit.

269 2435 316 2492 32.
338 2433 373 2490 ln
390 2433 543 2510 juvenibus
562 2433 650 2490 etiarn
668 2433 801 2489 uberiora
820 2432 916 2507 paulo,
939 2443 967 2490 et
986 2449 1068 2508 paene

268 2529 460 2608 periclitantia
479 2530 616 2588 feruntur.
658 2527 700 2586 At
719 2528 748 2586 in
769 2527 871 2586 iisdem
898 2529 1018 2600 siccum,
1040 2537 1069 2584 et

270 2627 435 2699 sollicitum,
446 2636 475 2684 et
488 2635 667 2684 contractum
682 2624 797 2682 dicendi
810 2626 996 2701 propositum,
1011 2625 1069 2700 ple·

201 2795 206 2804 Ι
270 2743 391 2800 rumque
412 2723 592 2782 affectatione
612 2723 674 2798 ipsa
693 2721 851 2779 severitatis
872 2723 993 2779 inrisum
1008 2731 1067 2778 est:

271 2822 386 2896 quando
399 2820 486 2878 etiam
500 2837 612 2876 morum
626 2818 724 2876 senilis
748 2819 902 2876 auctoritas
917 2818 1069 2876 immatura

272 2914 501 2974 adolescentibus
521 2914 655 2972 creditur.
696 2913 742 2970 33.
765 2913 948 2988 Simpliciora
968 2912 1070 2970 milita·

271 3029 317 3068 res
331 3010 442 3068 decent.
483 3009 696 3086 Philosophiam
711 3027 746 3067 ex
758 3010 895 3084 professo,
907 3019 939 3066 ut
953 3009 1069 3084 quidam

272 3106 390 3178 fuciunt,
404 3107 622 3178 ostentantibus,
636 3123 737 3183 parum
750 3106 848 3164 decori
862 3115 928 3162 sunt
941 3106 1069 3182 plerique

272 3203 409 3264 orationis
428 3212 555 3275 ornatus,
570 3203 749 3280 maximeque
770 3221 805 3261 ex
826 3203 983 3277 affectibus,
997 3221 1069 3278 quos
