<?xml version="1.0" encoding="UTF-8"?>
<!DOCTYPE html PUBLIC "-//W3C//DTD XHTML 1.0 Transitional//EN"
    "http://www.w3.org/TR/xhtml1/DTD/xhtml1-transitional.dtd">
<html xmlns="http://www.w3.org/1999/xhtml" xml:lang="en" lang="en">
 <head>
  <title>
</title>
<meta http-equiv="Content-Type" content="text/html;charset=utf-8" />
  <meta name='ocr-system' content='tesseract 3.04.00' />
  <meta name='ocr-capabilities' content='ocr_page ocr_carea ocr_par ocr_line ocrx_word'/>
</head>
<body>
  <div class='ocr_page' id='page_1' title='image "./mfabiiquintilia00dillgoog_0018.png"; bbox 0 0 2675 4009; ppageno 0'>
   <div class='ocr_carea' id='block_1_1' title="bbox 258 567 834 632">
    <p class='ocr_par' dir='ltr' id='par_1_1' title="bbox 258 567 834 632">
     <span class='ocr_line' id='line_1_1' title="bbox 258 567 834 632; baseline -0.007 -4"><span class='ocrx_word' id='word_1_1' title='bbox 258 567 296 628; x_wconf 78' lang='lat'>12</span> <span class='ocrx_word' id='word_1_2' title='bbox 481 576 517 622; x_wconf 79' lang='lat' dir='ltr'>rr.</span> <span class='ocrx_word' id='word_1_3' title='bbox 536 575 607 623; x_wconf 72' lang='lat' dir='ltr'>rau.</span> <span class='ocrx_word' id='word_1_4' title='bbox 626 575 834 632; x_wconf 70' lang='lat' dir='ltr'>emmaum</span> 
     </span>
    </p>
   </div>
   <div class='ocr_carea' id='block_1_2' title="bbox 254 684 1056 804">
    <p class='ocr_par' dir='ltr' id='par_1_2' title="bbox 254 684 1056 804">
     <span class='ocr_line' id='line_1_2' title="bbox 254 684 1056 804; baseline 0.002 -20"><span class='ocrx_word' id='word_1_5' title='bbox 254 684 366 804; x_wconf 75' lang='lat' dir='ltr'>judicia</span> <span class='ocrx_word' id='word_1_6' title='bbox 391 744 451 786; x_wconf 83' lang='lat' dir='ltr'>uon</span> <span class='ocrx_word' id='word_1_7' title='bbox 476 727 611 785; x_wconf 79' lang='lat' dir='ltr'>referant</span> <span class='ocrx_word' id='word_1_8' title='bbox 665 725 769 788; x_wconf 87' lang='lat' dir='ltr'>Lectio</span> <span class='ocrx_word' id='word_1_9' title='bbox 801 727 892 785; x_wconf 88' lang='lat' dir='ltr'>libera</span> <span class='ocrx_word' id='word_1_10' title='bbox 918 736 972 796; x_wconf 88' lang='lat' dir='ltr'>est,</span> <span class='ocrx_word' id='word_1_11' title='bbox 999 744 1056 786; x_wconf 83' lang='lat' dir='ltr'>trec</span> 
     </span>
    </p>
   </div>
   <div class='ocr_carea' id='block_1_3' title="bbox 251 824 1056 3424">
    <p class='ocr_par' dir='ltr' id='par_1_3' title="bbox 254 824 1056 1479">
     <span class='ocr_line' id='line_1_3' title="bbox 256 824 1056 901; baseline 0.003 -19"><span class='ocrx_word' id='word_1_12' title='bbox 256 824 379 882; x_wconf 83' lang='lat' dir='ltr'>actionis</span> <span class='ocrx_word' id='word_1_13' title='bbox 396 825 506 900; x_wconf 86' lang='lat' dir='ltr'>impetu</span> <span class='ocrx_word' id='word_1_14' title='bbox 524 825 710 882; x_wconf 81' lang='lat' dir='ltr'>transcurrit:</span> <span class='ocrx_word' id='word_1_15' title='bbox 733 824 782 882; x_wconf 90' lang='lat' dir='ltr'>sed</span> <span class='ocrx_word' id='word_1_16' title='bbox 805 835 933 901; x_wconf 85' lang='lat' dir='ltr'>repetere</span> <span class='ocrx_word' id='word_1_17' title='bbox 952 825 1056 901; x_wconf 66' lang='lat' dir='ltr'>sepius</span> 
     </span>
     <span class='ocr_line' id='line_1_4' title="bbox 255 919 1052 998; baseline 0.005 -22"><span class='ocrx_word' id='word_1_18' title='bbox 255 919 334 992; x_wconf 82' lang='lat' dir='ltr'>licet,</span> <span class='ocrx_word' id='word_1_19' title='bbox 356 921 416 978; x_wconf 88' lang='lat' dir='ltr'>sire</span> <span class='ocrx_word' id='word_1_20' title='bbox 439 920 561 992; x_wconf 87' lang='lat' dir='ltr'>dubites,</span> <span class='ocrx_word' id='word_1_21' title='bbox 580 919 640 977; x_wconf 83' lang='lat' dir='ltr'>sive</span> <span class='ocrx_word' id='word_1_22' title='bbox 664 921 810 978; x_wconf 77' lang='lat' dir='ltr'>memorie</span> <span class='ocrx_word' id='word_1_23' title='bbox 836 921 951 998; x_wconf 81' lang='lat' dir='ltr'>affigere</span> <span class='ocrx_word' id='word_1_24' title='bbox 974 921 1052 980; x_wconf 84' lang='lat' dir='ltr'>velis.</span> 
     </span>
     <span class='ocr_line' id='line_1_5' title="bbox 255 1015 1054 1092; baseline 0.003 -18"><span class='ocrx_word' id='word_1_25' title='bbox 255 1015 434 1092; x_wconf 84' lang='lat' dir='ltr'>Repetamus</span> <span class='ocrx_word' id='word_1_26' title='bbox 446 1027 540 1074; x_wconf 90' lang='lat' dir='ltr'>autem</span> <span class='ocrx_word' id='word_1_27' title='bbox 552 1028 581 1074; x_wconf 92' lang='lat' dir='ltr'>et</span> <span class='ocrx_word' id='word_1_28' title='bbox 592 1026 757 1088; x_wconf 78' lang='lat' dir='ltr'><strong>tractemus,</strong></span> <span class='ocrx_word' id='word_1_29' title='bbox 767 1027 796 1074; x_wconf 83' lang='lat' dir='ltr'>et</span> <span class='ocrx_word' id='word_1_30' title='bbox 806 1028 838 1074; x_wconf 88' lang='lat' dir='ltr'>ut</span> <span class='ocrx_word' id='word_1_31' title='bbox 849 1017 930 1074; x_wconf 90' lang='lat' dir='ltr'>cibos</span> <span class='ocrx_word' id='word_1_32' title='bbox 941 1036 1054 1076; x_wconf 83' lang='lat' dir='ltr'>mansos</span> 
     </span>
     <span class='ocr_line' id='line_1_6' title="bbox 256 1113 1054 1189; baseline 0.004 -20"><span class='ocrx_word' id='word_1_33' title='bbox 256 1131 290 1169; x_wconf 90' lang='lat' dir='ltr'>ao</span> <span class='ocrx_word' id='word_1_34' title='bbox 322 1132 412 1188; x_wconf 84' lang='lat' dir='ltr'>prope</span> <span class='ocrx_word' id='word_1_35' title='bbox 445 1113 616 1188; x_wconf 77' lang='lat' dir='ltr'>liquefactos</span> <span class='ocrx_word' id='word_1_36' title='bbox 642 1113 829 1186; x_wconf 73' lang='lat' dir='ltr'><strong>demittimus,</strong></span> <span class='ocrx_word' id='word_1_37' title='bbox 857 1133 915 1189; x_wconf 90' lang='lat' dir='ltr'>quo</span> <span class='ocrx_word' id='word_1_38' title='bbox 941 1115 1054 1172; x_wconf 79' lang='lat' dir='ltr'>facilius</span> 
     </span>
     <span class='ocr_line' id='line_1_7' title="bbox 255 1209 1054 1286; baseline 0.004 -21"><span class='ocrx_word' id='word_1_39' title='bbox 255 1209 430 1286; x_wconf 82' lang='lat' dir='ltr'>digerantur,</span> <span class='ocrx_word' id='word_1_40' title='bbox 451 1209 493 1267; x_wconf 85' lang='lat' dir='ltr'>ita</span> <span class='ocrx_word' id='word_1_41' title='bbox 519 1209 607 1266; x_wconf 87' lang='lat' dir='ltr'>lectio</span> <span class='ocrx_word' id='word_1_42' title='bbox 625 1229 684 1266; x_wconf 89' lang='lat' dir='ltr'>non</span> <span class='ocrx_word' id='word_1_43' title='bbox 705 1210 803 1282; x_wconf 85' lang='lat' dir='ltr'>cruda,</span> <span class='ocrx_word' id='word_1_44' title='bbox 825 1211 874 1268; x_wconf 91' lang='lat' dir='ltr'>sed</span> <span class='ocrx_word' id='word_1_45' title='bbox 895 1210 984 1268; x_wconf 82' lang='lat' dir='ltr'>multa</span> <span class='ocrx_word' id='word_1_46' title='bbox 1003 1210 1054 1268; x_wconf 79' lang='lat' dir='ltr'>ite·</span> 
     </span>
     <span class='ocr_line' id='line_1_8' title="bbox 254 1306 1053 1378; baseline 0.005 -16"><span class='ocrx_word' id='word_1_47' title='bbox 254 1306 366 1363; x_wconf 87' lang='lat' dir='ltr'>ratione</span> <span class='ocrx_word' id='word_1_48' title='bbox 381 1306 531 1370; x_wconf 76' lang='lat' dir='ltr'>mollitaet</span> <span class='ocrx_word' id='word_1_49' title='bbox 544 1307 622 1364; x_wconf 85' lang='lat' dir='ltr'>velut</span> <span class='ocrx_word' id='word_1_50' title='bbox 643 1307 787 1378; x_wconf 85' lang='lat' dir='ltr'>confecta,</span> <span class='ocrx_word' id='word_1_51' title='bbox 802 1307 948 1366; x_wconf 75' lang='lat' dir='ltr'>memorie</span> <span class='ocrx_word' id='word_1_52' title='bbox 962 1307 1053 1366; x_wconf 84' lang='lat' dir='ltr'>imita·</span> 
     </span>
     <span class='ocr_line' id='line_1_9' title="bbox 254 1403 533 1479; baseline 0.004 -19"><span class='ocrx_word' id='word_1_53' title='bbox 254 1403 383 1479; x_wconf 87' lang='lat' dir='ltr'>tiouique</span> <span class='ocrx_word' id='word_1_54' title='bbox 397 1404 533 1462; x_wconf 80' lang='lat' dir='ltr'>trudatur.</span> 
     </span>
    </p>

    <p class='ocr_par' dir='ltr' id='par_1_4' title="bbox 251 1499 1054 3424">
     <span class='ocr_line' id='line_1_10' title="bbox 291 1499 1053 1577; baseline 0.001 -19"><span class='ocrx_word' id='word_1_55' title='bbox 291 1501 339 1558; x_wconf 80' lang='lat'>20.</span> <span class='ocrx_word' id='word_1_56' title='bbox 369 1502 416 1558; x_wconf 88' lang='lat' dir='ltr'>Ac</span> <span class='ocrx_word' id='word_1_57' title='bbox 438 1501 488 1558; x_wconf 90' lang='lat' dir='ltr'>diu</span> <span class='ocrx_word' id='word_1_58' title='bbox 509 1520 566 1557; x_wconf 89' lang='lat' dir='ltr'>uon</span> <span class='ocrx_word' id='word_1_59' title='bbox 587 1499 644 1557; x_wconf 89' lang='lat' dir='ltr'>nisi</span> <span class='ocrx_word' id='word_1_60' title='bbox 663 1500 789 1576; x_wconf 87' lang='lat' dir='ltr'>optimus</span> <span class='ocrx_word' id='word_1_61' title='bbox 810 1499 983 1575; x_wconf 63' lang='lat' dir='ltr'>quisquerat</span> <span class='ocrx_word' id='word_1_62' title='bbox 1003 1499 1053 1577; x_wconf 91' lang='lat' dir='ltr'>qui</span> 
     </span>
     <span class='ocr_line' id='line_1_11' title="bbox 254 1597 1053 1674; baseline 0.003 -19"><span class='ocrx_word' id='word_1_63' title='bbox 254 1599 418 1655; x_wconf 82' lang='lat' dir='ltr'>credentem</span> <span class='ocrx_word' id='word_1_64' title='bbox 439 1597 495 1654; x_wconf 91' lang='lat' dir='ltr'>sibi</span> <span class='ocrx_word' id='word_1_65' title='bbox 517 1598 636 1655; x_wconf 90' lang='lat' dir='ltr'>minime</span> <span class='ocrx_word' id='word_1_66' title='bbox 657 1598 745 1669; x_wconf 81' lang='lat' dir='ltr'>fellat,</span> <span class='ocrx_word' id='word_1_67' title='bbox 766 1599 904 1674; x_wconf 89' lang='lat' dir='ltr'>legendus</span> <span class='ocrx_word' id='word_1_68' title='bbox 930 1608 982 1670; x_wconf 87' lang='lat' dir='ltr'>est,</span> <span class='ocrx_word' id='word_1_69' title='bbox 1003 1597 1053 1657; x_wconf 88' lang='lat' dir='ltr'>sed</span> 
     </span>
     <span class='ocr_line' id='line_1_12' title="bbox 253 1695 1049 1771; baseline 0.003 -21"><span class='ocrx_word' id='word_1_70' title='bbox 253 1695 416 1771; x_wconf 80' lang='lat' dir='ltr'>diligenter,</span> <span class='ocrx_word' id='word_1_71' title='bbox 440 1714 475 1752; x_wconf 87' lang='lat' dir='ltr'>sc</span> <span class='ocrx_word' id='word_1_72' title='bbox 493 1713 576 1770; x_wconf 75' lang='lat' dir='ltr'>pene</span> <span class='ocrx_word' id='word_1_73' title='bbox 598 1695 634 1752; x_wconf 86' lang='lat' dir='ltr'>ad</span> <span class='ocrx_word' id='word_1_74' title='bbox 654 1695 800 1752; x_wconf 86' lang='lat' dir='ltr'>scribendi</span> <span class='ocrx_word' id='word_1_75' title='bbox 820 1695 1049 1752; x_wconf 78' lang='lat' dir='ltr'>solicitudinem:</span> 
     </span>
     <span class='ocr_line' id='line_1_13' title="bbox 253 1793 1052 1870; baseline -0.001 -19"><span class='ocrx_word' id='word_1_76' title='bbox 253 1812 310 1852; x_wconf 89' lang='lat' dir='ltr'>nec</span> <span class='ocrx_word' id='word_1_77' title='bbox 327 1813 378 1870; x_wconf 90' lang='lat' dir='ltr'>per</span> <span class='ocrx_word' id='word_1_78' title='bbox 398 1805 493 1870; x_wconf 85' lang='lat' dir='ltr'>partes</span> <span class='ocrx_word' id='word_1_79' title='bbox 511 1795 598 1851; x_wconf 91' lang='lat' dir='ltr'>modo</span> <span class='ocrx_word' id='word_1_80' title='bbox 618 1794 773 1851; x_wconf 82' lang='lat' dir='ltr'>scrutanda</span> <span class='ocrx_word' id='word_1_81' title='bbox 790 1793 896 1864; x_wconf 86' lang='lat' dir='ltr'>omnia,</span> <span class='ocrx_word' id='word_1_82' title='bbox 918 1793 968 1850; x_wconf 83' lang='lat' dir='ltr'>sed</span> <span class='ocrx_word' id='word_1_83' title='bbox 988 1811 1052 1870; x_wconf 85' lang='lat' dir='ltr'>per·</span> 
     </span>
     <span class='ocr_line' id='line_1_14' title="bbox 252 1891 1054 1968; baseline -0.002 -18"><span class='ocrx_word' id='word_1_84' title='bbox 252 1893 346 1950; x_wconf 89' lang='lat' dir='ltr'>lectus</span> <span class='ocrx_word' id='word_1_85' title='bbox 367 1892 439 1949; x_wconf 87' lang='lat' dir='ltr'>liber</span> <span class='ocrx_word' id='word_1_86' title='bbox 452 1892 553 1966; x_wconf 90' lang='lat' dir='ltr'>utique</span> <span class='ocrx_word' id='word_1_87' title='bbox 566 1911 603 1949; x_wconf 81' lang='lat' dir='ltr'>ex</span> <span class='ocrx_word' id='word_1_88' title='bbox 616 1893 729 1968; x_wconf 88' lang='lat' dir='ltr'>integro</span> <span class='ocrx_word' id='word_1_89' title='bbox 742 1891 939 1962; x_wconf 81' lang='lat' dir='ltr'>resumendus,</span> <span class='ocrx_word' id='word_1_90' title='bbox 953 1891 1054 1967; x_wconf 75' lang='lat' dir='ltr'>praeci·</span> 
     </span>
     <span class='ocr_line' id='line_1_15' title="bbox 251 1987 1050 2066; baseline -0.001 -20"><span class='ocrx_word' id='word_1_91' title='bbox 251 2008 309 2066; x_wconf 87' lang='lat' dir='ltr'>pue</span> <span class='ocrx_word' id='word_1_92' title='bbox 322 1989 425 2061; x_wconf 86' lang='lat' dir='ltr'>oratio,</span> <span class='ocrx_word' id='word_1_93' title='bbox 440 1989 523 2064; x_wconf 87' lang='lat' dir='ltr'>cujus</span> <span class='ocrx_word' id='word_1_94' title='bbox 535 1989 655 2046; x_wconf 85' lang='lat' dir='ltr'>virtutes</span> <span class='ocrx_word' id='word_1_95' title='bbox 670 1987 833 2062; x_wconf 83' lang='lat' dir='ltr'>frequenter</span> <span class='ocrx_word' id='word_1_96' title='bbox 854 2006 890 2044; x_wconf 89' lang='lat' dir='ltr'>ex</span> <span class='ocrx_word' id='word_1_97' title='bbox 910 1987 1050 2045; x_wconf 84' lang='lat' dir='ltr'>industria</span> 
     </span>
     <span class='ocr_line' id='line_1_16' title="bbox 252 2063 1051 2162; baseline -0.001 -19"><span class='ocrx_word' id='word_1_98' title='bbox 252 2105 368 2162; x_wconf 88' lang='lat' dir='ltr'>qnoque</span> <span class='ocrx_word' id='word_1_99' title='bbox 392 2086 584 2144; x_wconf 83' lang='lat' dir='ltr'>occultantur.</span> <span class='ocrx_word' id='word_1_100' title='bbox 603 2063 673 2156; x_wconf 52' lang='lat'>1⁰21.</span> <span class='ocrx_word' id='word_1_101' title='bbox 697 2085 780 2159; x_wconf 84' lang='lat' dir='ltr'>Saepe</span> <span class='ocrx_word' id='word_1_102' title='bbox 800 2083 878 2142; x_wconf 87' lang='lat' dir='ltr'>enim</span> <span class='ocrx_word' id='word_1_103' title='bbox 900 2095 1051 2162; x_wconf 81' lang='lat' dir='ltr'>praeparat,</span> 
     </span>
     <span class='ocr_line' id='line_1_17' title="bbox 252 2181 1051 2256; baseline -0.003 -17"><span class='ocrx_word' id='word_1_104' title='bbox 252 2183 422 2255; x_wconf 87' lang='lat' dir='ltr'>dissimulat,</span> <span class='ocrx_word' id='word_1_105' title='bbox 437 2182 589 2240; x_wconf 86' lang='lat' dir='ltr'>insidiatur</span> <span class='ocrx_word' id='word_1_106' title='bbox 602 2191 707 2252; x_wconf 88' lang='lat' dir='ltr'>orator,</span> <span class='ocrx_word' id='word_1_107' title='bbox 722 2199 813 2256; x_wconf 86' lang='lat' dir='ltr'>eaque</span> <span class='ocrx_word' id='word_1_108' title='bbox 826 2181 856 2238; x_wconf 89' lang='lat' dir='ltr'>in</span> <span class='ocrx_word' id='word_1_109' title='bbox 869 2181 962 2256; x_wconf 86' lang='lat' dir='ltr'>prima</span> <span class='ocrx_word' id='word_1_110' title='bbox 970 2189 1051 2256; x_wconf 73' lang='lat' dir='ltr'>parte</span> 
     </span>
     <span class='ocr_line' id='line_1_18' title="bbox 253 2276 1049 2351; baseline -0.006 -15"><span class='ocrx_word' id='word_1_111' title='bbox 253 2280 377 2336; x_wconf 87' lang='lat' dir='ltr'>actionis</span> <span class='ocrx_word' id='word_1_112' title='bbox 403 2280 485 2348; x_wconf 91' lang='lat' dir='ltr'>dicit,</span> <span class='ocrx_word' id='word_1_113' title='bbox 512 2297 576 2351; x_wconf 79' lang='lat' dir='ltr'>que</span> <span class='ocrx_word' id='word_1_114' title='bbox 603 2287 671 2333; x_wconf 88' lang='lat' dir='ltr'>sunt</span> <span class='ocrx_word' id='word_1_115' title='bbox 697 2277 728 2332; x_wconf 88' lang='lat' dir='ltr'>in</span> <span class='ocrx_word' id='word_1_116' title='bbox 755 2294 866 2332; x_wconf 87' lang='lat' dir='ltr'>summa</span> <span class='ocrx_word' id='word_1_117' title='bbox 891 2276 1049 2348; x_wconf 77' lang='lat' dir='ltr'>profutura.</span> 
     </span>
     <span class='ocr_line' id='line_1_19' title="bbox 252 2368 1048 2449; baseline -0.006 -18"><span class='ocrx_word' id='word_1_118' title='bbox 252 2375 354 2449; x_wconf 87' lang='lat' dir='ltr'>Itaque</span> <span class='ocrx_word' id='word_1_119' title='bbox 381 2392 433 2430; x_wconf 89' lang='lat' dir='ltr'>suo</span> <span class='ocrx_word' id='word_1_120' title='bbox 459 2374 525 2429; x_wconf 88' lang='lat' dir='ltr'>loco</span> <span class='ocrx_word' id='word_1_121' title='bbox 552 2371 647 2428; x_wconf 88' lang='lat' dir='ltr'>minus</span> <span class='ocrx_word' id='word_1_122' title='bbox 673 2369 798 2444; x_wconf 84' lang='lat' dir='ltr'>placent,</span> <span class='ocrx_word' id='word_1_123' title='bbox 827 2368 922 2426; x_wconf 85' lang='lat' dir='ltr'>adhuc</span> <span class='ocrx_word' id='word_1_124' title='bbox 954 2369 1048 2437; x_wconf 87' lang='lat' dir='ltr'>nobis,</span> 
     </span>
     <span class='ocr_line' id='line_1_20' title="bbox 253 2465 1050 2546; baseline -0.006 -18"><span class='ocrx_word' id='word_1_125' title='bbox 253 2490 341 2546; x_wconf 91' lang='lat' dir='ltr'>quare</span> <span class='ocrx_word' id='word_1_126' title='bbox 367 2470 445 2526; x_wconf 89' lang='lat' dir='ltr'>dicta</span> <span class='ocrx_word' id='word_1_127' title='bbox 471 2467 537 2539; x_wconf 89' lang='lat' dir='ltr'>sint,</span> <span class='ocrx_word' id='word_1_128' title='bbox 565 2466 778 2544; x_wconf 80' lang='lat' dir='ltr'>ignorantibus:</span> <span class='ocrx_word' id='word_1_129' title='bbox 813 2465 934 2540; x_wconf 83' lang='lat' dir='ltr'>ideoque</span> <span class='ocrx_word' id='word_1_130' title='bbox 966 2475 1050 2524; x_wconf 86' lang='lat' dir='ltr'>erunt</span> 
     </span>
     <span class='ocr_line' id='line_1_21' title="bbox 254 2560 1048 2644; baseline -0.003 -20"><span class='ocrx_word' id='word_1_131' title='bbox 254 2566 378 2644; x_wconf 85' lang='lat' dir='ltr'>cognitis</span> <span class='ocrx_word' id='word_1_132' title='bbox 403 2565 538 2623; x_wconf 89' lang='lat' dir='ltr'>omnibus</span> <span class='ocrx_word' id='word_1_133' title='bbox 570 2562 733 2639; x_wconf 86' lang='lat' dir='ltr'>repetenda.</span> <span class='ocrx_word' id='word_1_134' title='bbox 788 2561 836 2620; x_wconf 75' lang='lat'>22.</span> <span class='ocrx_word' id='word_1_135' title='bbox 870 2560 945 2618; x_wconf 87' lang='lat' dir='ltr'>lllud</span> <span class='ocrx_word' id='word_1_136' title='bbox 979 2582 1048 2622; x_wconf 83' lang='lat' dir='ltr'>vero</span> 
     </span>
     <span class='ocr_line' id='line_1_22' title="bbox 253 2659 1048 2735; baseline -0.004 -14"><span class='ocrx_word' id='word_1_137' title='bbox 253 2663 447 2735; x_wconf 88' lang='lat' dir='ltr'>utilissimum,</span> <span class='ocrx_word' id='word_1_138' title='bbox 461 2680 546 2719; x_wconf 85' lang='lat' dir='ltr'>nosse</span> <span class='ocrx_word' id='word_1_139' title='bbox 565 2679 615 2718; x_wconf 84' lang='lat' dir='ltr'>eas</span> <span class='ocrx_word' id='word_1_140' title='bbox 632 2678 744 2730; x_wconf 84' lang='lat' dir='ltr'>causas,</span> <span class='ocrx_word' id='word_1_141' title='bbox 765 2675 886 2734; x_wconf 83' lang='lat' dir='ltr'>quarum</span> <span class='ocrx_word' id='word_1_142' title='bbox 905 2659 1048 2718; x_wconf 86' lang='lat' dir='ltr'>orationes</span> 
     </span>
     <span class='ocr_line' id='line_1_23' title="bbox 253 2755 1047 2832; baseline -0.006 -13"><span class='ocrx_word' id='word_1_143' title='bbox 253 2761 283 2820; x_wconf 91' lang='lat' dir='ltr'>in</span> <span class='ocrx_word' id='word_1_144' title='bbox 311 2779 413 2818; x_wconf 82' lang='lat' dir='ltr'>manus</span> <span class='ocrx_word' id='word_1_145' title='bbox 445 2759 648 2817; x_wconf 87' lang='lat' dir='ltr'>sumserimus:</span> <span class='ocrx_word' id='word_1_146' title='bbox 683 2766 712 2814; x_wconf 90' lang='lat' dir='ltr'>et</span> <span class='ocrx_word' id='word_1_147' title='bbox 745 2755 858 2832; x_wconf 88' lang='lat' dir='ltr'>quoties</span> <span class='ocrx_word' id='word_1_148' title='bbox 890 2756 1047 2832; x_wconf 87' lang='lat' dir='ltr'>continget,</span> 
     </span>
     <span class='ocr_line' id='line_1_24' title="bbox 253 2854 1047 2934; baseline -0.004 -17"><span class='ocrx_word' id='word_1_149' title='bbox 253 2859 389 2934; x_wconf 86' lang='lat' dir='ltr'>utrinque</span> <span class='ocrx_word' id='word_1_150' title='bbox 401 2859 513 2916; x_wconf 86' lang='lat' dir='ltr'>habitas</span> <span class='ocrx_word' id='word_1_151' title='bbox 526 2857 623 2934; x_wconf 85' lang='lat' dir='ltr'>legere</span> <span class='ocrx_word' id='word_1_152' title='bbox 637 2855 780 2914; x_wconf 85' lang='lat' dir='ltr'>actiones:</span> <span class='ocrx_word' id='word_1_153' title='bbox 802 2865 835 2913; x_wconf 91' lang='lat' dir='ltr'>ut</span> <span class='ocrx_word' id='word_1_154' title='bbox 845 2854 1047 2914; x_wconf 79' lang='lat' dir='ltr'>Demosthenis</span> 
     </span>
     <span class='ocr_line' id='line_1_25' title="bbox 255 2950 1046 3030; baseline -0.008 -16"><span class='ocrx_word' id='word_1_155' title='bbox 255 2965 339 3030; x_wconf 85' lang='lat' dir='ltr'>atque</span> <span class='ocrx_word' id='word_1_156' title='bbox 360 2955 508 3014; x_wconf 81' lang='lat' dir='ltr'>AEschinis</span> <span class='ocrx_word' id='word_1_157' title='bbox 535 2955 609 3012; x_wconf 88' lang='lat' dir='ltr'>iuter</span> <span class='ocrx_word' id='word_1_158' title='bbox 635 2972 667 3011; x_wconf 89' lang='lat' dir='ltr'>se</span> <span class='ocrx_word' id='word_1_159' title='bbox 693 2952 870 3010; x_wconf 82' lang='lat' dir='ltr'>contrarias:</span> <span class='ocrx_word' id='word_1_160' title='bbox 898 2961 927 3008; x_wconf 86' lang='lat' dir='ltr'>et</span> <span class='ocrx_word' id='word_1_161' title='bbox 953 2950 1046 3008; x_wconf 75' lang='lat' dir='ltr'>Servii</span> 
     </span>
     <span class='ocr_line' id='line_1_26' title="bbox 253 3048 1047 3130; baseline -0.008 -19"><span class='ocrx_word' id='word_1_162' title='bbox 253 3053 378 3130; x_wconf 80' lang='lat' dir='ltr'>Sulpicii</span> <span class='ocrx_word' id='word_1_163' title='bbox 399 3064 484 3128; x_wconf 85' lang='lat' dir='ltr'>atque</span> <span class='ocrx_word' id='word_1_164' title='bbox 502 3051 644 3123; x_wconf 80' lang='lat' dir='ltr'>Messalae,</span> <span class='ocrx_word' id='word_1_165' title='bbox 659 3069 781 3126; x_wconf 89' lang='lat' dir='ltr'>quorum</span> <span class='ocrx_word' id='word_1_166' title='bbox 803 3049 873 3106; x_wconf 88' lang='lat' dir='ltr'>alter</span> <span class='ocrx_word' id='word_1_167' title='bbox 893 3067 945 3124; x_wconf 86' lang='lat' dir='ltr'>pro</span> <span class='ocrx_word' id='word_1_168' title='bbox 967 3048 1047 3106; x_wconf 81' lang='lat' dir='ltr'>Aufi-</span> 
     </span>
     <span class='ocr_line' id='line_1_27' title="bbox 253 3145 1047 3222; baseline -0.008 -14"><span class='ocrx_word' id='word_1_169' title='bbox 253 3149 312 3222; x_wconf 83' lang='lat' dir='ltr'>dia,</span> <span class='ocrx_word' id='word_1_170' title='bbox 326 3161 428 3208; x_wconf 82' lang='lat' dir='ltr'>contra</span> <span class='ocrx_word' id='word_1_171' title='bbox 447 3150 519 3207; x_wconf 84' lang='lat' dir='ltr'>dixit</span> <span class='ocrx_word' id='word_1_172' title='bbox 539 3149 626 3207; x_wconf 84' lang='lat' dir='ltr'>alter:</span> <span class='ocrx_word' id='word_1_173' title='bbox 647 3158 676 3206; x_wconf 90' lang='lat' dir='ltr'>et</span> <span class='ocrx_word' id='word_1_174' title='bbox 696 3146 837 3206; x_wconf 90' lang='lat' dir='ltr'>Pollionis</span> <span class='ocrx_word' id='word_1_175' title='bbox 850 3155 878 3203; x_wconf 84' lang='lat' dir='ltr'>et</span> <span class='ocrx_word' id='word_1_176' title='bbox 892 3145 986 3203; x_wconf 82' lang='lat' dir='ltr'>Cassii</span> <span class='ocrx_word' id='word_1_177' title='bbox 996 3163 1047 3202; x_wconf 87' lang='lat' dir='ltr'>reo</span> 
     </span>
     <span class='ocr_line' id='line_1_28' title="bbox 254 3233 1045 3333; baseline -0.011 -26"><span class='ocrx_word' id='word_1_178' title='bbox 254 3247 426 3333; x_wconf 57' lang='lat' dir='ltr'>glsprenate,</span> <span class='ocrx_word' id='word_1_179' title='bbox 447 3247 573 3322; x_wconf 80' lang='lat' dir='ltr'>aliasque</span> <span class='ocrx_word' id='word_1_180' title='bbox 591 3245 737 3323; x_wconf 79' lang='lat' dir='ltr'>plurimas</span> <span class='ocrx_word' id='word_1_181' title='bbox 754 3233 826 3304; x_wconf 56' lang='lat' dir='ltr'>Mil.</span> <span class='ocrx_word' id='word_1_182' title='bbox 846 3243 929 3307; x_wconf 79' lang='lat' dir='ltr'>Quin</span> <span class='ocrx_word' id='word_1_183' title='bbox 950 3243 1045 3314; x_wconf 83' lang='lat' dir='ltr'>stiam,</span> 
     </span>
     <span class='ocr_line' id='line_1_29' title="bbox 253 3339 1047 3424; baseline -0.009 -19"><span class='ocrx_word' id='word_1_184' title='bbox 253 3345 281 3405; x_wconf 84' lang='lat' dir='ltr'>si</span> <span class='ocrx_word' id='word_1_185' title='bbox 293 3346 389 3408; x_wconf 86' lang='lat' dir='ltr'>minus</span> <span class='ocrx_word' id='word_1_186' title='bbox 401 3363 483 3424; x_wconf 81' lang='lat' dir='ltr'>pares</span> <span class='ocrx_word' id='word_1_187' title='bbox 496 3344 680 3418; x_wconf 79' lang='lat' dir='ltr'>videbunmr,</span> <span class='ocrx_word' id='word_1_188' title='bbox 693 3343 794 3422; x_wconf 79' lang='lat' dir='ltr'>alique</span> <span class='ocrx_word' id='word_1_189' title='bbox 807 3353 904 3404; x_wconf 88' lang='lat' dir='ltr'>tamen</span> <span class='ocrx_word' id='word_1_190' title='bbox 924 3339 962 3400; x_wconf 87' lang='lat' dir='ltr'>ad</span> <span class='ocrx_word' id='word_1_191' title='bbox 979 3355 1047 3417; x_wconf 78' lang='lat' dir='ltr'>cog·</span> 
     </span>
    </p>
   </div>
   <div class='ocr_carea' id='block_1_4' title="bbox 0 0 1342 4009">
    <p class='ocr_par' dir='ltr' id='par_1_5' title="bbox 0 0 1342 4009">
     <span class='ocr_line' id='line_1_30' title="bbox 0 0 1342 4009; baseline 0 1"><span class='ocrx_word' id='word_1_192' title='bbox 0 0 1342 4009; x_wconf 95' lang='lat' dir='ltr'> </span> 
     </span>
    </p>
   </div>
  </div>
 </body>
</html>
