2675 4009
449 597 532 645 nise.
551 599 690 646 cunnos.
705 599 766 646 nm.
784 601 814 647 x.
833 601 854 646 τ.
1012 594 1052 652 73

252 755 364 823 tempus
377 755 486 824 aptatos
498 749 618 807 libertus
629 749 704 808 'l'iro
725 749 880 808 contraxit:
902 769 973 826 quos
992 767 1051 808 non

252 842 318 901 ideo
330 862 447 916 excuso,
462 846 530 920 quia
542 864 601 902 non
614 848 743 921 probem,
759 847 809 905 sed
830 857 862 904 ut
882 847 939 904 sint
958 847 1050 924 magis

253 941 442 999 admirabiles.
483 942 518 999 In
533 943 589 998 h'oc
603 960 709 1019 genere
722 963 837 1019 prorsus
851 945 961 1020 recipio
975 944 1050 1002 hanc

252 1037 366 1095 brevem
387 1038 609 1110 annotationem,
629 1040 808 1115 libellosque,
830 1041 879 1116 qui
899 1041 942 1098 vel
963 1059 1050 1098 manu

252 1143 412 1205 teneantur,
433 1145 463 1191 et
484 1135 519 1191 ad
539 1153 612 1210 quos
631 1136 745 1193 interim
773 1138 915 1212 respicere
942 1137 984 1195 las
1004 1138 1048 1196 sit.

251 1231 298 1288 32.
320 1230 405 1302 Illud,
426 1231 502 1305 quod
529 1231 632 1289 Lepas
656 1233 796 1308 precipit,
818 1233 949 1309 displicet
968 1233 1048 1306 mihi,

252 1345 316 1401 que
330 1326 538 1403 scripserimus,
553 1327 583 1384 in
597 1347 733 1398 summas,
748 1328 808 1386 sive
828 1331 1050 1388 commentarios

252 1432 282 1480 et
295 1422 397 1498 capita,
413 1423 559 1481 conferre:
580 1425 650 1482 lacit
663 1425 741 1482 enim
754 1424 884 1482 discendi
905 1427 1050 1502 negligen-

251 1519 320 1577 tiam
347 1519 410 1577 hnc
437 1519 498 1596 ipsa
523 1521 640 1592 fiducia,
661 1531 691 1579 et
715 1521 823 1580 lacerat
851 1541 884 1580 ac
911 1522 1051 1582 deformat

249 1616 416 1674 orationem.
458 1615 523 1693 Ego
550 1628 645 1674 autem
671 1637 709 1676 ne
728 1618 913 1677 scribendum
933 1618 1049 1695 quidem

249 1722 328 1787 puto,
343 1712 420 1788 quod
433 1712 523 1770 simas
535 1714 675 1772 memoria
693 1715 879 1790 persecuturi.
921 1714 999 1773 Nam
1019 1715 1049 1774 id

250 1826 364 1884 quoque
384 1809 500 1881 accidit,
521 1820 555 1866 ut
572 1821 688 1868 revocet
709 1829 763 1869 nos
783 1813 920 1890 cogitatio
941 1813 976 1871 ad
999 1811 1048 1870 illa

250 1905 405 1976 elaborata,
419 1923 475 1963 nec
487 1906 563 1963 sinat
575 1917 745 1982 presentem
759 1909 901 1966 fortunam
916 1909 1047 1985 experiri.

250 2001 297 2058 33.
319 2001 370 2059 Sic
392 2019 497 2077 anceps
517 2002 592 2059 iuter
618 2013 771 2078 utrumque
800 2005 911 2062 animus
938 2016 1048 2078 aestuat,

251 2114 319 2155 carn
331 2106 361 2155 et
373 2097 479 2172 scripta
491 2097 625 2174 perdidit,
639 2108 668 2156 et
682 2117 740 2156 non
754 2099 855 2174 querit
867 2119 948 2159 nova.
990 2102 1049 2160 Sed

250 2193 289 2252 de
307 2193 446 2252 memoria
465 2193 623 2252 destinatus
643 2204 687 2254 est
706 2194 781 2253 libro
800 2197 930 2272 proximo
957 2197 1048 2270 locus,

249 2309 306 2352 nec
318 2289 388 2349 huic
399 2291 474 2367 parti
487 2290 712 2370 subjungendus,
727 2293 795 2370 quia
808 2303 875 2354 sunt
895 2293 951 2354 alia
969 2294 1048 2373 prius

249 2388 333 2448 nobis
346 2387 476 2448 dicende

484 2488 503 2544 7
556 2528 559 2532 .
