2675 4009
452 572 535 622 lnsn.
554 571 694 620 ORATOR.
714 570 777 620 un.
796 567 828 620 X.
849 571 870 617 1.
1022 561 1062 624 35

260 723 313 786 ted
337 723 508 800 eloquentie
534 723 681 782 habentur.
724 721 813 780 Hunc
840 721 927 801 igitur
953 731 1064 798 specte·

260 840 338 881 mun:
367 823 423 880 hoc
441 821 620 899 propositum
640 819 725 878 nobis
744 821 782 878 sit
808 819 987 896 exemplum:
1015 820 1063 878 ille

261 937 293 978 oc
317 920 474 997 profecisse
500 918 583 990 sciat,
611 919 660 976 cui
687 918 793 976 Cicero
820 918 902 976 valde
925 917 1062 994 placebit.

263 1017 328 1074 113.
349 1016 445 1074 Multa
465 1016 495 1074 in
515 1014 620 1072 Asinio
639 1015 773 1074 Pollione
793 1015 930 1087 inventio,
952 1032 1065 1072 summa

262 1114 422 1192 diligentie,
438 1113 510 1170 odeo
522 1122 555 1168 ut
567 1112 740 1187 quibusdam
750 1112 838 1170 etiam
858 1112 950 1170 nimie
969 1111 1065 1170 viden·

261 1220 327 1269 tur:
347 1221 377 1268 et
390 1209 506 1268 consilii
518 1218 547 1266 ct
561 1208 649 1266 enimi
663 1208 750 1266 sctis:
773 1209 896 1266 enitere
916 1218 945 1266 et
962 1209 1066 1286 jucun·

262 1308 352 1366 ditate
365 1306 517 1366 Ciceronis
537 1307 578 1364 ita
597 1305 685 1382 longe
706 1305 796 1376 abest,
810 1315 843 1362 ut
862 1306 954 1364 videri
974 1307 1065 1382 possit

262 1405 362 1464 seculo
387 1406 474 1482 prior.
516 1405 557 1462 At
577 1403 707 1462 Messala
734 1403 842 1460 nitidus
863 1412 892 1460 et
912 1404 1063 1474 candidus,

262 1513 292 1562 et
305 1503 517 1578 quodammodo
530 1503 686 1579 preferens
701 1501 731 1559 in
746 1501 872 1559 dicendo
885 1500 1065 1558 nobilitatem

262 1619 360 1671 cuam3
388 1601 498 1660 viribus
525 1601 627 1658 minor.
671 1600 736 1658 114.
760 1599 793 1658 0.
822 1617 891 1658 vero
913 1597 1014 1656 cesar
1040 1597 1065 1657 ni

262 1699 325 1758 soro
338 1710 450 1758 tantum
464 1710 604 1771 vocasset,
619 1717 678 1756 non
694 1699 767 1758 nlius
781 1717 817 1757 ex
837 1698 943 1756 nostris
964 1708 1066 1756 contre

262 1796 435 1856 Ciceronem
449 1782 662 1854 nominaretur:
691 1807 772 1856 tenta
795 1796 826 1854 in
851 1814 886 1854 eo
907 1795 949 1853 vis
969 1806 1021 1867 est,
1036 1795 1066 1853 id

263 1912 396 1964 acumen,
417 1912 453 1950 ee
479 1893 648 1965 concitatio,
669 1903 702 1952 ut
729 1893 811 1950 illum
839 1893 941 1950 eodem
970 1893 1066 1950 animo

261 1989 378 2061 dixisse,
399 2009 457 2063 quo
482 1989 609 2061 bellavit,
631 2000 772 2064 apparent.
813 1989 942 2047 Exornat
968 1999 1065 2047 tamen

261 2086 326 2144 lnec
338 2085 436 2142 omnia
449 2085 523 2143 mira
534 2085 686 2156 sermonis,
697 2086 780 2160 cujus
792 2086 907 2160 proprie
921 2086 1066 2142 studiosus

261 2182 327 2255 tuit,
347 2181 499 2260 elegantia„
542 2183 607 2240 115.
629 2180 756 2238 Multum
783 2181 893 2258 ingenii
914 2182 944 2240 in
967 2181 1066 2254 Oaelio,

260 2293 291 2342 et
313 2281 460 2360 precipue
479 2281 510 2340 in
531 2281 695 2340 accusando
715 2281 806 2340 multe
826 2282 981 2355 urbanitas,
1003 2281 1066 2361 dig·
1161 2301 1163 2306 ·

260 2397 373 2455 noeque
392 2379 447 2451 vir,
469 2378 518 2436 cui
538 2388 569 2437 et
590 2397 673 2436 meus
693 2378 804 2452 melior,
826 2389 855 2438 et
874 2379 932 2438 vita
951 2379 1065 2458 longior

261 2477 438 2555 contigisset
478 2476 588 2536 Inveni
595 2476 646 2551 qui
658 2475 780 2535 Calvum
792 2478 959 2553 preferrent
973 2477 1064 2536 ornni·

262 2575 326 2647 bus,
347 2574 445 2634 inveni
472 2575 523 2650 qui
543 2574 683 2632 Ciceroni
704 2575 865 2647 crederent,
887 2593 954 2632 enm
974 2575 1065 2633 nimir

262 2683 363 2731 contre
376 2691 408 2731 ee
421 2672 567 2730 calumnia
587 2690 686 2730 verum
707 2671 877 2749 sanguinem
897 2671 1066 2747 perdidisse:

263 2770 314 2828 sed
337 2780 381 2829 est
405 2779 435 2827 et
447 2780 548 2827 sancta
561 2779 590 2827 et
600 2769 695 2847 gravis
708 2769 810 2840 oratio,
825 2777 855 2826 et
868 2767 1021 2840 custodite,
1036 2778 1066 2826 ct

263 2865 425 2939 frequenter
452 2866 607 2924 vehemens
632 2883 756 2940 quoque.
810 2863 941 2922 Imitntor
970 2875 1065 2924 eutem

262 2970 307 3018 est
319 2962 494 3036 Atticorum,
509 2963 635 3038 fecitque
647 2962 690 3020 illi
704 2972 856 3039 properata
869 2979 947 3020 mors
966 2961 1066 3040 injuri-

264 3075 320 3128 am,
334 3057 440 3133 siquid
456 3060 621 3136 adjecturus
633 3059 700 3132 sibi,
714 3077 773 3118 non
787 3060 811 3117 oi
832 3059 902 3136 quid
922 3059 1065 3118 detractu·

262 3173 312 3214 rus
343 3154 404 3213 luit.
447 3157 511 3215 116.
533 3157 573 3214 Et
598 3157 716 3216 &wius
744 3157 891 3235 Sulpricios
920 3157 1064 3234 insignem

262 3272 322 3312 non
345 3253 489 3311 immerito
515 3253 620 3312 lamam
639 3255 731 3313 tribus
751 3254 929 3314 orationibus
949 3251 1062 3311 meruit.

263 3350 367 3428 Multo,
387 3354 415 3412 si
439 3369 507 3412 cum
530 3352 643 3432 judicio
661 3353 784 3432 legetur,
804 3352 884 3414 dabit
904 3349 1064 3412 imitatione
