2675 4009
283 575 336 651 :tlt
516 580 552 629 u.
571 579 640 628 rau.
659 578 865 638 ournrrnram

297 740 374 802 aunt,
386 747 469 808 pane
480 728 551 806 ipsis
569 748 630 806 par,
643 739 673 788 et
693 726 816 788 dicendo
837 747 871 786 ao
891 726 1091 803 respondendo

298 828 416 888 cuilibet
428 845 537 898 eorum,
551 826 601 902 qui
621 826 736 884 suerunt
756 825 786 882 in
808 825 869 882 soro
889 824 997 894 diserti,
1012 837 1091 884 oom-

297 925 455 1002 paraudus3
477 923 507 980 in
521 922 669 980 affectibus
683 940 749 979 vero
762 941 829 980 oum
843 921 976 978 omnibus
988 921 1087 992 mirus,

287 1035 359 1082 tum
372 1024 402 1082 in
416 1023 460 1094 iis,
474 1022 523 1098 qui
536 1021 717 1081 miseratione
732 1030 873 1091 constant,
887 1007 971 1079 saoile
988 1020 1088 1096 praeol-

297 1138 380 1196 puus
427 1120 475 1178 69.
496 1117 585 1179 Hunc
604 1128 634 1176 et
654 1117 809 1176 admiratus
835 1116 958 1176 maxime
983 1127 1036 1188 est,
1057 1129 1089 1176 ut

298 1232 373 1290 sepe
399 1224 526 1286 metatur,
547 1223 576 1274 et
602 1223 729 1282 secutus,
757 1230 919 1288 quanquam
946 1211 977 1268 in
1003 1230 1089 1288 opere

298 1310 418 1382 diverso,
428 1291 612 1369 'mmmmm
638 1308 689 1384 qui
708 1308 751 1366 vel
779 1327 863 1378 unus,
883 1327 948 1366 meo
974 1308 1088 1382 quidem

300 1408 422 1486 judicio,
436 1408 588 1486 diligenter
606 1408 708 1478 lectus,
724 1407 759 1464 ad
780 1416 972 1481 cunctaque
992 1406 1089 1482 praeoi·

286 1504 401 1582 ,pimus
420 1504 571 1562 efficienda
590 1502 728 1560 sufficiat:
750 1502 791 1560 ita
810 1520 923 1560 ornnem
945 1503 1007 1560 vitae
1022 1503 1089 1562 ima·

287 1601 394 1678 ‚ginem
420 1599 558 1676 expressit
565 1619 573 1670 ς
600 1609 681 1656 tanta
706 1598 736 1656 in
756 1617 792 1656 eo
812 1598 975 1656 inveniendi
996 1599 1087 1674 copia,

298 1706 328 1754 et
349 1696 502 1772 eloquendi
528 1695 666 1764 facultas;
701 1695 741 1754 ita
767 1705 810 1753 est
836 1695 968 1764 omnibus
996 1696 1087 1766 rebus,

288 1792 436 1868 personis,
449 1791 597 1848 affectibus
606 1792 845 1850 accommodatus.
879 1792 925 1850 70.
940 1791 1005 1850 Neo
1018 1792 1088 1853 nihil

289 1888 427 1966 ,prolecto
453 1887 594 1958 viderunt,
621 1888 670 1962 qui
697 1888 933 1962 orationesque
962 1888 1090 1948 Charisii

298 1985 414 2044 nomine
440 1985 574 2057 eduntur,
602 2003 619 2041 a
645 1983 807 2042 Menandro
834 1984 954 2060 seriptas
980 1995 1087 2060 putant.

299 2082 359 2140 Sed
371 2082 441 2143 milri
454 2083 540 2159 longe
553 2081 645 2158 magis
657 2091 751 2138 orator
764 2081 879 2156 probari
893 2081 922 2138 in
936 2099 1021 2157 opere
1039 2101 1090 2140 suo

299 2179 420 2251 ridetur,
427 2179 483 2238 nisi
493 2179 565 2238 sorte
574 2191 622 2236 aut
635 2178 685 2236 illa
693 2177 768 2236 mala
778 2177 897 2254 judicia,
909 2194 971 2251 quae
981 2178 1089 2254 Epitre-

207 2267 214 2280 ’
298 2286 409 2352 pontes,
423 2276 583 2351 Epioleros,
597 2275 685 2333 Locri
700 2274 815 2344 habent,
831 2285 879 2332 aut
892 2275 1090 2335 meditationes

300 2370 330 2428 in
366 2371 543 2446 Psophodee,
570 2369 754 2442 Nomothete‚
788 2370 1006 2447 Hypobolimaeo
1032 2391 1089 2434 nou

301 2466 433 2524 omnibus
446 2467 566 2524 oratoris
576 2466 702 2527 numeris
713 2477 779 2526 sunt
788 2468 953 2568 absolutreffi
965 2471 1011 2528 71.
1027 2469 1089 2546 Ego

300 2572 395 2622 tamen
409 2563 473 2638 plus
486 2563 580 2620 adhuc
594 2563 728 2636 quiddam
742 2563 911 2622 collaturum
922 2584 988 2624 eum
998 2565 1090 2624 deela-

300 2659 456 2718 matoribus
474 2670 554 2735 puto,
566 2660 702 2736 quoniam
722 2661 766 2718 his
786 2679 904 2720 neeesse
923 2673 976 2735 est,
991 2682 1090 2722 secun·

291 2757 368 2824 ,durn
389 2756 583 2815 conditionem
603 2759 860 2816 oontrorersiarum
879 2761 975 2836 plures
995 2760 1091 2820 subire

300 2871 445 2928 personas,
458 2863 579 2928 patrum,
600 2855 734 2928 filiorum,
755 2856 887 2928 militurn,
909 2857 1090 2929 rusticorum,

301 2948 431 3020 divitum,
456 2968 622 3025 pauperum,
649 2952 843 3024 irascentium,
865 2952 1090 3028 deprecantium,

301 3043 424 3116 mitium,
451 3064 619 3121 asperorum.
669 3047 705 3106 In
732 3048 835 3123 quibus
861 3049 994 3108 omnibus
1021 3051 1091 3110 mire

294 3141 459 3203 ,custoditur
486 3142 521 3200 ab
541 3142 597 3200 hoo
615 3147 702 3218 polita
721 3144 816 3204 decor.
858 3146 904 3204 72.
926 3147 1023 3223 Atque
1044 3145 1091 3204 ille

302 3236 417 3312 quidem
431 3238 563 3296 omnibus
575 3237 702 3314 ejusdem
716 3241 809 3316 operis
824 3244 989 3305 auctoribus
999 3244 1093 3302 abstu-

301 3332 335 3393 lit
343 3352 461 3455 Fomen,
475 3343 503 3392 et
517 3333 627 3413 fulgore
639 3337 762 3412 quodam
783 3357 841 3403 suae
861 3340 997 3402 claritatis
1017 3349 1093 3398 tene

327 3430 340 3466 ί
361 3413 590 3513 {traustilam
671 3455 736 3568 lm
747 3472 760 3535 ἑ,
772 3475 848 3531 Μίῄ

745 3538 752 3564 '
828 3548 844 3620 l
