2675 4009
280 562 338 624 Μ
501 569 852 628 u.nnuoumnm1mr

278 719 327 780 dia
346 719 477 780 faciende
496 720 605 793 isidor,
619 720 689 796 quia
707 739 767 778 non
787 719 847 778 fere
866 718 998 778 adhunc
1017 717 1081 780 nisi

278 816 428 876 inferiores
454 817 642 893 confugiunt:
670 827 700 874 at
725 817 756 874 in
782 816 965 888 blandiendo,
985 816 1081 874 faten-

278 912 326 985 do,
353 913 562 984 satisfaciendo,
590 913 728 990 rogando,
756 913 826 972 leuis
857 923 888 971 et
918 913 1077 970 munisse.

186 1029 187 1033 ¹
278 1009 326 1068 dd.
348 1007 545 1080 suadentium,
560 1018 589 1068 et
609 1008 798 1081 monentium,
818 1019 848 1066 et
866 1008 1077 1084 pollicentium,

278 1118 308 1164 et
320 1105 529 1164 consolantium
546 1107 659 1181 granis.
698 1105 735 1164 In
755 1115 833 1164 metu
852 1115 883 1164 et
901 1104 1077 1164 verecundia

278 1208 435 1273 contracta,
450 1201 697 1260 adhortationibus
707 1200 813 1278 sortis,
832 1201 1075 1277 disputationibus

278 1304 360 1369 teres,
388 1297 571 1356 miseratione
588 1297 669 1374 fletu
695 1307 725 1356 et
741 1297 860 1373 flebilis,
886 1306 915 1356 et
940 1297 1075 1356 consulto

278 1394 360 1470 quasi
386 1394 553 1455 obscurior:
588 1404 616 1452 at
642 1394 673 1452 in
699 1393 911 1469 egressionibus
928 1391 1015 1469 susc,
1041 1403 1075 1452 et

278 1509 387 1550 securae
415 1490 561 1561 claritatis,
583 1490 612 1548 in
639 1489 818 1565 expositione
838 1509 873 1548 ac
893 1489 1074 1548 sermonibus

277 1596 367 1654 rectu,
388 1597 417 1644 et
436 1586 509 1642 inter
530 1595 645 1642 acutum
665 1603 768 1642 sonum
787 1596 816 1644 et
835 1605 950 1662 gravem
969 1585 1072 1644 media.

277 1683 325 1740 65.
346 1681 502 1740 Attollt'tar
515 1691 610 1738 autem
624 1681 777 1738 concitatis
791 1682 948 1754 affectibus,
959 1699 1075 1758 compo·

276 1779 340 1840 sitis
359 1779 510 1852 descendit,
523 1797 576 1856 pro
589 1780 738 1856 utriusqus
757 1781 800 1840 rei
819 1782 905 1840 modo
925 1781 1009 1840 altius
1026 1781 1073 1840 rel

278 1875 403 1934 interius.
507 1907 528 1930 ›.

315 1972 399 2036 Quid
414 1983 508 2032 autem
522 1973 642 2050 quisque
656 1973 688 2034 in
701 1973 825 2036 dicendo
837 1975 961 2052 postulet
979 1975 1072 2042 locus,

276 2069 393 2147 paulum
413 2071 552 2144 differam,
572 2083 604 2130 ut
624 2072 660 2129 de
680 2083 763 2149 gestu
782 2073 861 2149 prius
886 2072 997 2130 dicam:
1023 2069 1074 2146 qui

277 2177 307 2226 et
326 2167 387 2243 ipse
405 2168 470 2226 voci
489 2169 641 2240 consentit,
662 2179 693 2226 et
713 2170 809 2228 animo
834 2187 901 2226 cum
928 2187 963 2226 ea
987 2166 1074 2225 simul

276 2273 366 2339 paret
406 2262 436 2320 Is
463 2275 599 2338 quantum
620 2264 724 2320 babeat
742 2265 773 2322 iu
792 2273 905 2320 oratore
924 2262 1074 2332 momenti,

277 2359 345 2416 setis
365 2357 408 2416 vel
429 2375 464 2414 ex
484 2375 519 2414 eo
538 2367 624 2432 patet,
639 2358 715 2430 quod
734 2359 878 2431 pleraque,
893 2355 979 2412 etiam
998 2356 1074 2416 citra

276 2452 370 2523 verba,
384 2450 535 2526 significat.
576 2453 623 2508 66.
643 2451 763 2526 Quippe
775 2467 834 2507 non
852 2468 954 2507 manus
966 2449 1071 2524 solum,

276 2546 327 2606 sed
340 2555 427 2604 nutus
440 2545 526 2602 etiam
539 2545 689 2602 declarant
699 2555 827 2602 nostram
840 2544 1024 2618 voluntatem,
1037 2556 1069 2606 st
1102 2586 1105 2597 .

276 2643 308 2702 in
321 2641 407 2702 mutis
419 2659 471 2718 pro
484 2659 615 2700 sermone
635 2651 711 2712 sunt,
725 2650 755 2698 et
773 2641 887 2699 saltatio
906 2641 1066 2716 frequenter

276 2740 340 2800 sine
358 2756 429 2798 voce
449 2737 616 2816 intelligitur
631 2747 715 2812 atque
735 2737 832 2809 afficit,
846 2747 924 2796 etex
936 2736 1015 2796 vultu
1028 2737 1070 2796 in·

276 2855 432 2914 gressuque
451 2835 619 2914 perspicitur
639 2835 753 2894 habitus
773 2835 948 2894 animorumr
968 2845 998 2894 et
1012 2835 1070 2893 ani·

276 2933 394 2991 maliurn
414 2951 528 3008 quoque
547 2949 678 2990 sermone
704 2931 863 2990 carentium
888 2932 941 3000 ira,
961 2930 1067 3003 lustitia,

278 3028 403 3086 adulatio
416 3039 446 3088 et
458 3029 550 3088 oculis
563 3039 592 3087 et
605 3028 774 3104 quibusdam
787 3028 850 3085 aliis
868 3027 996 3103 corporis
1014 3027 1068 3104 sig·

271 3123 324 3182 nis
343 3123 572 3200 deprehenditur.
612 3125 660 3182 67.
681 3123 748 3182 Nec
762 3123 875 3196 mirum,
890 3124 915 3181 si
927 3123 991 3195 ista,
1005 3141 1067 3197 qua

278 3219 417 3280 tamenin
431 3219 526 3295 aliquo
538 3221 630 3298 posita
642 3231 709 3279 sunt
728 3230 817 3293 motu,
830 3230 940 3279 tantum
960 3219 990 3277 in
1010 3217 1067 3276 aui-

278 3317 335 3380 nir
346 3316 457 3392 raleut3
477 3335 545 3378 cum
563 3318 687 3396 pictus,
699 3329 799 3382 tacens
816 3335 899 3398 opus,
912 3329 943 3380 et
954 3315 1066 3378 babitus
