2675 4009
454 551 538 600 insu.
556 551 694 600 omnm
714 550 776 600 mn.
793 550 838 598 XI.
858 551 879 597 l.
1024 541 1066 605 93

265 699 312 758 val
339 699 452 775 iratum,
471 702 518 761 rel
544 701 697 778 impulsum
725 700 761 760 ab
788 700 861 762 aliis.
914 699 961 760 72.
995 697 1064 760 Hoc

264 797 325 856 illis
349 817 504 857 commune
522 799 681 857 remedium
700 807 753 870 cst,
773 797 799 858 ai
818 797 849 856 in
869 805 931 856 tota
950 795 1063 857 actione

263 894 412 970 aequaliter
440 905 573 971 appareat
597 913 657 953 non
676 894 768 952 honor
788 893 883 965 modo,
904 892 954 950 sed
975 891 1062 952 etiam

263 990 386 1048 caritas:
412 1000 551 1067 praeterea
575 1009 664 1048 causa
689 990 726 1048 sit
751 989 836 1048 nobis
858 989 936 1066 justa
962 987 1006 1046 sic
1020 987 1063 1046 di·

262 1086 367 1144 cendi:
400 1105 495 1162 neque
527 1087 558 1145 id
589 1087 736 1146 moderate
768 1096 880 1146 tantum
912 1085 1061 1156 faciamus,

261 1182 316 1241 aed
328 1183 415 1240 etiam
428 1182 598 1241 necessario.
639 1183 686 1241 73.
708 1182 859 1240 Diversum
874 1183 910 1240 ab
930 1182 996 1255 hoc,
1010 1180 1061 1240 sed

262 1279 386 1351 facilins,
407 1298 475 1337 cum
494 1279 641 1337 hominum
662 1289 712 1337 aut
731 1279 836 1354 alioqui
855 1277 991 1354 turpium,
1012 1288 1061 1336 aut

261 1374 348 1431 nobis
372 1375 528 1433 invisorum
554 1375 685 1450 quedam
712 1374 788 1432 lacta
812 1373 957 1432 laudanda
984 1383 1059 1432 eunt.

261 1469 356 1529 Decet
382 1470 459 1529 enirn
482 1490 544 1529 rem
563 1471 655 1548 ipsam
674 1470 795 1548 probaro
814 1470 846 1528 in
865 1469 1061 1546 qualicunque

259 1584 390 1644 persona
432 1568 514 1626 Dixit
521 1568 629 1627 Cicero
640 1587 693 1644 pro
706 1567 832 1626 Gabinio
845 1577 875 1626 et
886 1566 919 1626 P.
930 1565 1060 1640 Vatinio,

260 1663 468 1723 inimicissimis
494 1675 579 1724 antee
603 1664 659 1724 sibi
686 1663 860 1737 hominibus,
881 1672 911 1722 et
930 1661 961 1722 in
987 1681 1060 1739 quos

259 1761 404 1819 orationes
417 1762 504 1820 etiam
516 1762 686 1838 scripserat:
706 1779 806 1820 verum
825 1779 914 1819 causa
931 1759 1009 1838 justa
1027 1759 1060 1822 fit

261 1855 387 1929 fatendo,
400 1875 460 1915 non
472 1877 505 1915 sa
517 1857 555 1916 de
567 1857 678 1934 ingenii
691 1857 777 1930 sama,
790 1857 842 1916 sed
861 1856 899 1914 de
918 1857 975 1920 fide
995 1875 1059 1918 esse

261 1952 425 2010 sollicitum.
478 1954 526 2011 74.
559 1953 713 2012 Difficilior
739 1953 767 2010 ei
793 1952 867 2010 ratio
893 1951 924 2010 in
947 1952 1059 2029 judicic

261 2047 436 2106 Cluentiano
461 2049 525 2120 fult,
545 2067 613 2106 cum
639 2047 848 2108 Scamandrum
873 2065 992 2106 necesse
1011 2048 1060 2108 ha·

261 2143 343 2202 beret
374 2145 472 2203 dicere
502 2155 666 2217 nocentem,
693 2143 776 2221 cujus
809 2153 907 2221 egerat
934 2161 1058 2204 causam.

261 2240 370 2300 Verum
384 2241 455 2299 illud
474 2240 694 2320 elegantissime,
709 2259 776 2300 cum
795 2257 937 2312 eorum,a
956 2240 1059 2316 quibus

262 2338 298 2396 ad
317 2357 349 2396 ae
367 2338 523 2414 perductus
542 2347 627 2410 esset,
646 2337 790 2414 precibus,
804 2346 866 2396 tum
886 2337 972 2396 etiarn
993 2337 1059 2396 adc-

260 2434 399 2493 lescentia
423 2454 475 2493 sua
501 2443 635 2493 excusat:
662 2435 842 2492 detracturus
868 2433 975 2510 alioqui
993 2433 1059 2511 plus

262 2531 447 2604 auctoritatis,
468 2531 503 2604 si,
523 2531 554 2589 in
574 2549 663 2589 causa
685 2531 843 2607 prasertim
863 2541 1005 2608 suspecta,
1025 2549 1057 2590 se

232 2703 237 2709 ι
261 2643 328 2684 eum
350 2645 423 2700 esse,
443 2627 493 2704 qui
512 2635 621 2686 temere
645 2637 784 2686 nocentes
803 2644 867 2686 reos
887 2627 1055 2702 susciperet,

263 2721 405 2781 fateretur.

301 2819 349 2875 75.
376 2818 465 2894 Apud
481 2818 609 2894 judicem
621 2838 689 2878 vero
702 2818 779 2895 quod
794 2827 842 2876 aut
853 2828 969 2894 propter
990 2819 1056 2878 alie-

264 2931 333 2972 num
358 2914 541 2972 commodum
563 2915 594 2973 in
613 2935 710 2987 causa,
731 2933 816 2990 quam
836 2915 1054 2992 susceperimus,

265 3020 313 3068 ant
325 3028 418 3083 sunm,
432 3021 466 3069 ut
476 3011 665 3087 persuadendi
681 3013 769 3070 ardua
782 3011 865 3084 ratic,
880 3011 920 3070 ita
939 3013 1055 3074 dicendi

263 3106 482 3182 expeditissima.
523 3107 646 3166 Fiducia
657 3108 735 3166 enirn
746 3107 863 3184 justitie
876 3109 938 3186 ejus
951 3120 1054 3170 nostrie

263 3219 357 3261 causae
382 3203 454 3262 nihil
479 3221 533 3262 noa
551 3204 652 3262 timere
671 3204 875 3264 simulabimus.
916 3205 982 3282 Ipsa
1001 3206 1055 3266 erit

263 3298 354 3379 gloria
372 3298 524 3374 inflandus,
537 3310 571 3359 ut
590 3310 671 3360 tanto
691 3300 794 3360 clarior
814 3301 909 3362 sutura
928 3302 965 3362 ait
984 3301 1055 3362 fides
