2675 4009
454 626 537 674 INST.
556 624 693 673 ORATOR.
714 623 775 670 LIB.
795 623 826 670 X.
845 623 867 670 t.
1019 615 1059 673 65
1105 658 1112 670 .

262 777 311 851 ris,
330 797 362 838 ez
381 787 500 856 tempore
519 776 631 836 manda·
650 775 804 853 facultas:
825 793 911 851 quam
931 773 980 850 qui
999 791 1058 831 non

263 876 316 934 erit
335 887 519 946 consecutus,
540 893 604 932 mea
630 875 745 948 quidem
766 873 907 931 sententia
927 871 1059 930 civilibus

262 973 364 1030 officiis
377 971 568 1043 renunciabit,
583 981 612 1028 et
625 971 714 1027 solam
729 969 873 1028 scribendi
894 969 1059 1027 facultatem

261 1070 356 1146 potius
371 1070 406 1126 ad
427 1069 481 1126 alia
501 1086 589 1143 opera
607 1077 761 1126 convertet.
802 1067 860 1124 Vix
880 1067 956 1124 enim
977 1067 1058 1126 bonae

262 1165 328 1223 fidei
342 1166 403 1222 viro
416 1165 550 1222 convenit
565 1163 701 1221 auxilium
715 1163 745 1220 iu
755 1163 902 1240 publicum
915 1163 1057 1239 polliceri,

262 1261 338 1336 quod
352 1260 382 1318 iu
395 1260 621 1336 praesentissimis
635 1259 795 1336 quibusque
813 1259 948 1335 periculis
968 1259 1057 1317 desit:

262 1371 294 1418 ut
314 1371 470 1418 monstrare
489 1372 613 1436 portum,
635 1360 671 1418 ad
692 1378 777 1436 quem
803 1359 883 1418 navis
911 1359 1057 1430 accedere,

261 1459 316 1516 nisi
337 1459 449 1516 lenibus
471 1459 563 1516 ventis
582 1469 675 1530 vecta,
695 1478 754 1516 nou
776 1457 873 1534 possit
914 1457 942 1514 2.
964 1457 1059 1532 Siqui-

261 1555 326 1612 dem
344 1555 568 1613 innumerabiles
587 1555 723 1613 accidunt
743 1555 843 1612 subitae
864 1553 1058 1624 necessitates,

261 1652 305 1710 rel
327 1653 401 1729 apud
427 1653 617 1730 magistratus,
638 1653 682 1711 vel
710 1651 918 1728 representatis
941 1650 1059 1727 judiciis

261 1749 400 1808 continuo
421 1749 532 1826 agendi.
572 1749 708 1810 Quarum
728 1749 752 1808 si
767 1769 832 1824 qua,
848 1769 904 1808 non
919 1749 986 1806 dico
999 1748 1060 1806 cui·

262 1865 376 1920 cunque
402 1846 599 1902 innocentium
628 1846 745 1917 civium,
767 1846 817 1904 sed
845 1846 1002 1904 amicorum
1025 1863 1060 1902 ac

260 1942 486 2018 propinquorum
507 1941 594 1998 ulicui
615 1942 751 2014 evenerit,
767 1942 889 2000 stabitne
911 1954 1015 2014 mutus,
1031 1951 1060 1998 et

262 2036 414 2096 salutarem
433 2038 597 2114 petentibus
616 2057 726 2109 vocem,
747 2039 853 2109 statim,
874 2039 976 2096 sinon
997 2056 1061 2095 suc-

262 2145 402 2205 curratur,
413 2133 556 2209 perituris,
567 2153 660 2190 moras
675 2144 703 2190 et
716 2152 860 2191 secessum
874 2144 902 2192 et
916 2122 1065 2192 silentium¹

261 2241 379 2308 queret,
401 2231 467 2288 dum
489 2231 538 2288 illa
557 2231 643 2288 verba
663 2230 846 2302 fabricentur,
868 2241 896 2289 et
916 2229 1060 2288 memorie

261 2329 395 2400 insidant,
416 2339 445 2385 et
465 2347 519 2385 vox
540 2347 574 2384 ac
600 2327 675 2384 latus
700 2329 895 2404 preparetur?
935 2328 962 2385 3.
983 2327 1060 2390 Qum

261 2445 329 2483 vero
341 2425 447 2501 patitur
462 2425 517 2482 hoc
530 2425 613 2496 ratio,
628 2435 659 2482 ut
674 2425 823 2500 quisquam
838 2425 874 2484 sit
894 2437 989 2484 orator
1010 2425 1061 2484 im·

259 2533 375 2600 paratus
390 2522 424 2578 ad
439 2522 543 2579 casust
582 2521 676 2593 Quid,
691 2540 758 2578 cum
773 2522 933 2580 adversario
946 2541 1061 2599 respon·

260 2619 386 2676 dendutii
414 2619 478 2690 erit,
499 2618 567 2676 fiet
608 2617 687 2676 Nam
707 2637 782 2694 saepe
803 2637 846 2690 ea,
867 2639 930 2694 quae
951 2617 1060 2696 opinati

261 2735 369 2787 sumus,
384 2725 412 2772 et
426 2729 526 2772 contra
546 2733 609 2791 quar
629 2715 805 2790 scripsimus,
821 2716 931 2788 fallunt,
947 2735 981 2774 ac
1001 2724 1061 2774 tcta

261 2812 357 2868 subito
380 2830 468 2868 causa
487 2821 630 2882 mutatur3
659 2822 744 2887 atque
764 2822 796 2869 ut
815 2812 998 2889 gubernatori
1026 2813 1061 2870 ad

262 2906 395 2964 incursus
422 2918 631 2983 tempestatum,
653 2909 696 2966 sic
724 2908 819 2985 egenti
841 2908 876 2965 ad
897 2909 1061 2968 varietatem

262 3021 413 3060 causarum
427 3004 500 3062 ratic
513 3004 650 3062 mutanda
663 3015 713 3063 est.
754 3005 782 3062 4.
803 3005 886 3067 Quid
899 3024 983 3081 porro
992 3008 1063 3065 mul·

260 3110 308 3157 tus
332 3100 423 3171 stilus,
446 3111 476 3158 et
500 3101 614 3160 assidua
632 3102 731 3174 lectio,
746 3113 774 3162 et
795 3102 882 3180 longa
903 3103 1062 3162 studiorum

260 3208 330 3256 aetas
350 3197 429 3268 facit,
450 3198 474 3254 si
495 3209 591 3256 manet
610 3199 720 3271 eadem,
742 3219 804 3275 quae
829 3200 881 3258 tuit
902 3200 1063 3276 incipienti-

259 3295 325 3367 bus,
336 3295 506 3353 difficultast
547 3295 669 3354 Periisse
677 3297 805 3372 profecto
813 3299 1005 3356 confitendum
1020 3306 1063 3354 cst

258 3392 436 3470 preteritum
448 3392 588 3469 laborem,
597 3394 647 3454 cui
659 3413 772 3474 semper
785 3395 862 3456 idem
875 3393 1064 3456 laborandum

503 3490 550 3550 6·
