2675 4009
448 563 531 610 mer.
549 551 687 610 ustrou.
706 561 768 610 uu
786 535 830 610 11⁸.
849 564 871 609 s
1000 556 1057 617 11³

260 709 351 770 divise
363 722 466 790 partes,
481 731 570 772 uocem
581 721 756 790 gestumque,
769 731 891 789 quorum
906 713 976 770 ulter
989 731 1058 770 oeu-

245 808 313 880 ¹ius,
335 809 423 868 ultera
450 828 533 866 eures
559 820 664 878 moret,
684 829 735 886 per
762 829 834 885 quos
859 809 932 866 duos
957 827 1058 868 seusus

259 905 354 964 omnis
368 906 403 963 ud
424 906 551 984 animum
570 917 701 982 penetret
720 907 849 978 effeetus,
858 906 942 982 prius
961 916 1006 964 est
1024 905 1059 966 de

259 1021 323 1060 esce
336 1002 442 1074 disere,
457 1001 505 1060 sui
519 1001 604 1060 etium
615 1011 715 1078 gestus
728 1003 969 1060 accommodetur.

300 1097 335 1155 In
362 1115 398 1156 ea
423 1097 515 1174 primu
541 1099 702 1156 observatio
726 1109 779 1171 est,
799 1099 910 1175 quatem
934 1098 1058 1157 habeas.-

261 1193 397 1264 secunda,
412 1193 542 1270 quonsodu
555 1195 657 1252 utaris.
698 1194 728 1252 N
731 1205 811 1252 utura
823 1196 902 1253 vocis
914 1205 1059 1271 spectatur

262 1290 424 1366 quantitate
432 1300 461 1347 et
469 1291 617 1367 qualitate.
653 1291 699 1348 15.
716 1289 877 1358 Quantitas
886 1291 1056 1366 simplicior:

262 1385 292 1443 in
306 1403 417 1443 summe
431 1386 508 1444 euim
520 1386 645 1462 grandis
660 1397 710 1444 aut
722 1387 827 1461 exigua
839 1396 899 1446 est:
920 1387 971 1444 sed
984 1386 1060 1447 inter

262 1481 313 1540 hus
326 1483 518 1540 extremitates
532 1483 634 1542 medie
647 1493 715 1541 sunt
728 1482 848 1558 speeies,
859 1492 889 1540 et
902 1482 938 1538 eb
952 1481 1011 1538 iruu
1023 1481 1060 1538 ud

262 1595 401 1636 summam
423 1598 457 1636 ee
477 1561 553 1637 retro
573 1579 655 1638 multi
676 1577 875 1656 unigradus.
919 1577 1060 1646 Qualitas

261 1675 352 1752 magis
372 1676 449 1734 veris
463 1687 522 1734 est:
543 1695 610 1734 narn
625 1686 668 1734 est
680 1686 711 1734 et
723 1675 858 1746 eandida,
871 1684 901 1732 et
913 1673 1016 1750 fusca,
1030 1684 1060 1732 et

256 1771 355 1846 plena,
366 1782 395 1829 et
407 1772 498 1844 exilis,
513 1782 541 1829 et
555 1772 633 1839 levis,
648 1782 677 1830 et
690 1791 803 1848 aspera,
816 1781 846 1828 et
858 1777 1017 1841 contracta,
1030 1779 1061 1826 et

262 1865 348 1942 fusa,
369 1877 398 1923 et
417 1866 503 1939 dura,
522 1877 551 1924 et
568 1865 717 1943 flexibilis,
736 1876 767 1924 et
785 1866 877 1936 clara,
897 1875 926 1922 et
950 1865 1058 1923 obtusa.

222 1969 225 1976 “
264 1959 395 2036 Spiritus
411 1961 497 2018 etiam
512 1961 634 2037 longior,
646 1962 819 2038 breviorque.
850 1961 896 2018 16.
918 1959 1062 2018 Neueau·

264 2075 319 2128 ees,
335 2075 386 2114 eur
406 2055 531 2132 quidque
551 2075 649 2114 eorum
671 2056 793 2127 aecidat,
805 2056 947 2130 persequi,
959 2074 1061 2130 propo-

265 2151 319 2210 sito
333 2151 413 2227 operi
427 2151 620 2210 necessarium
635 2162 695 2210 est:
716 2170 854 2210 eorumne
872 2153 911 2209 sit
929 2151 1062 2209 differen-
1165 2149 1168 2154 ’

265 2249 314 2316 tia,
329 2247 359 2306 in
374 2248 477 2324 quibus
491 2267 559 2306 aura
573 2249 622 2306 illa
642 2248 813 2324 coneipitur,
830 2267 866 2307 un
887 2266 995 2319 eorum,
1009 2267 1060 2324 per

264 2363 327 2420 quae
347 2345 431 2402 velut¹
444 2363 552 2422 organa
570 2355 662 2416 meet3
685 2363 721 2402 uu
743 2345 796 2420 ipsi
816 2344 929 2421 propria
948 2355 1060 2417 nature,

265 2461 300 2500 sn
314 2452 398 2518 prout
418 2451 565 2512 moretum
586 2441 683 2500 leteris
701 2441 861 2518 pectorisve
880 2441 1008 2513 firmitus,
1024 2461 1061 2500 sn

265 2539 366 2615 sepitis
386 2539 472 2598 etiam
491 2539 556 2615 plus
576 2539 705 2616 adjuvet:
732 2557 798 2596 nam
817 2558 890 2615 opus
909 2549 953 2597 est
971 2539 1062 2598 omui·

265 2635 328 2706 bus,
349 2635 425 2692 sieut
444 2653 503 2692 non
523 2635 581 2694 oris
601 2637 689 2694 modo
708 2637 856 2707 suavitate,
877 2636 928 2694 sed
947 2637 1061 2694 narium

266 2749 389 2805 quoque,
404 2749 455 2806 per
475 2751 555 2806 ques,
570 2733 647 2807 quod
667 2742 797 2808 superest
815 2732 905 2803 vocis,
925 2732 1059 2808 egeritur.

267 2826 368 2884 Dulcis
388 2845 450 2884 esse
470 2837 566 2886 temen
586 2828 681 2900 debet,
695 2847 753 2886 uon
773 2828 945 2903 exprobrans
965 2846 1060 2887 sonus,

270 2924 314 2980 17.
342 2921 445 2980 Utendi
470 2941 542 2982 voce
568 2925 717 3000 multiplex
739 2924 820 2982 ratio.
860 2923 939 2982 Nam
958 2935 1061 3001 prester

267 3018 345 3076 illam
378 3018 575 3088 differentiam,
603 3039 666 3096 quae
700 3030 744 3092 est
775 3021 924 3096 tripertita,
958 3030 1060 3093 acute,

264 3115 378 3192 gravis,
397 3114 502 3192 fleeces
529 3124 590 3174 tum
616 3117 825 3189 immistum
845 3117 978 3189 remissis,
998 3127 1061 3176 tum

267 3212 361 3283 elatis,
382 3222 443 3268 tum
469 3210 653 3288 inferioribus
674 3214 772 3286 modis,
792 3232 864 3290 opus
883 3224 936 3286 est,
956 3213 1060 3289 spatiis

268 3327 381 3387 quoque
394 3308 558 3368 lentioribus
572 3318 621 3368 sut
640 3310 829 3371 uitatieribus.
867 3311 917 3370 18.
937 3309 996 3368 Sed
1016 3308 1063 3368 his
