2675 4009
430 575 812 628 msn.onnnos.n1axa
830 577 853 624 a
980 568 1042 633 :tot

243 727 334 818 mela?
361 737 399 802 et,
420 728 568 790 chceare
588 734 620 786 tn
639 748 682 788 me
699 727 733 786 ia
751 726 885 806 poesim
905 725 1041 804 pmtstt,

243 823 392 910 wiopa·
404 827 472 892 lton·
492 824 737 902 ogoteiceadem
749 825 857 902 patria
869 843 926 901 per
937 822 1042 882 eosdm

243 922 363 982 retinere
383 942 437 981 non
451 925 574 998 potera?
616 921 743 988 Etcum
769 923 845 980 bona
871 921 906 980 Ο.
926 918 1043 978 Rabirii

243 1035 302 1092 nno
316 1018 446 1076 sestertio
460 1017 576 1089 addicit,
589 1017 618 1076 O
628 1037 714 1076 meam
723 1019 852 1077 misenam
862 1016 1044 1092 malumque

239 1113 421 1190 preconium.
464 1115 529 1172 173.
550 1113 605 1172 Illa
625 1132 740 1189 quoque
752 1115 824 1171 mire
837 1113 906 1172 facit
918 1113 950 1170 in
962 1129 1045 1188 pero·

244 1209 356 1268 ratione
369 1209 446 1266 velut
459 1209 619 1268 deficientis
633 1209 732 1268 dolore
745 1219 775 1268 et
788 1210 955 1285 fatigatione
974 1227 1044 1268 con·

245 1305 349 1364 lessio:
371 1316 402 1365 ut
414 1325 466 1384 pro
480 1307 581 1366 eodem
595 1307 716 1378 Milone,
727 1305 865 1382 &adfinis
878 1307 937 1364 sit.-
956 1325 1044 1384 neque

245 1403 318 1460 enim
325 1422 391 1480 prce
405 1404 530 1462 lacrimis
541 1403 609 1481 jam
622 1404 700 1480 loqui
707 1422 833 1481 possum.
874 1402 952 1477 Quae
966 1402 1045 1459 simi·

245 1498 302 1572 lem
316 1500 409 1558 verbis
422 1501 527 1560 habere
541 1501 647 1560 debent
659 1501 748 1558 etiam
765 1497 1046 1576 pronunciationem.

247 1596 312 1670 174.
339 1587 464 1656 Possunt
489 1598 580 1656 videri
608 1599 664 1658 alia
690 1616 806 1675 quoqne
837 1595 924 1673 hujus
955 1593 1046 1670 partis

246 1703 330 1770 atque
344 1695 441 1768 officii,
449 1715 509 1754 reas
520 1696 652 1768 excitare,
659 1715 765 1772 pueros
778 1695 915 1766 attollere,
924 1692 1047 1771 propio·

245 1809 313 1868 quos
321 1791 487 1867 producere,
501 1801 587 1850 vestes
602 1793 732 1850 laniare:
752 1791 803 1850 sed
815 1810 868 1848 suo
880 1791 947 1848 loco
966 1790 1046 1848 dicta

246 1895 320 1944 sunt.
361 1885 401 1942 Et
414 1887 482 1962 quia
495 1887 665 1962 inpartibus
679 1906 774 1944 cause
784 1887 850 1944 talis
860 1885 1044 1957 astrarides,

247 1981 315 2040 satis
342 1991 466 2058 apparet,
495 1982 767 2040 accommodandam
799 1981 950 2039 sententiis
975 1981 1046 2056 ipsis

246 2077 526 2156 pronunciationem,
547 2078 623 2136 sicut
646 2076 831 2136 ostendimus.
872 2076 932 2134 Sed
950 2076 1048 2134 verbis

249 2193 372 2250 quoque,
382 2173 458 2249 quod
471 2173 625 2232 novissime
639 2173 777 2245 dixeram,
786 2192 845 2232 non
858 2191 980 2248 semper,
994 2172 1047 2230 sed

249 2270 409 2346 aliquando.
453 2271 518 2328 175.
540 2270 589 2328 An
615 2287 675 2328 non
694 2269 767 2342 hnc,
787 2269 909 2330 misellus
928 2279 958 2328 et
974 2287 1049 2346 pns-

247 2368 392 2446 percolus,
408 2367 559 2426 summissa
574 2377 658 2443 atque
672 2376 821 2426 contracta
831 2387 838 2434 ;
850 2364 946 2444 fortis
960 2377 990 2425 et
1001 2387 1047 2426 ce·

214 2497 218 2512 1
248 2465 353 2524 demens
368 2475 397 2524 et
407 2466 634 2538 latrc‚erectaet
647 2463 793 2522 concitata
805 2483 876 2523 voce
890 2464 1046 2523 dicendum

168 2599 172 2616 1
249 2564 311 2622 estl
351 2561 477 2620 Accedit
506 2561 583 2620 enim
603 2561 646 2618 vis
666 2571 695 2619 et
707 2560 872 2638 'proprietas
890 2562 976 2620 rebus
994 2561 1047 2619 tali

251 2658 465 2734 astipulatione:
494 2677 567 2736 quae
583 2657 640 2716 nisi
667 2657 745 2730 assit,
772 2657 852 2716 aliud
876 2675 941 2729 vox,
969 2656 1047 2713 aliud

251 2753 363 2812 animus
376 2755 513 2812 ostendat.
556 2755 621 2812 176.
641 2754 746 2816 Quint
760 2753 838 2828 quod
847 2752 948 2810 eadem
960 2751 1048 2810 verba

250 2859 360 2908 mutata
372 2849 609 2926 pronunciatione
630 2849 769 2921 indicant,
784 2848 934 2920 affirmant,
948 2865 1048 2924 expro-

251 2948 344 3016 brant,
358 2955 474 3024 negant,
488 2945 635 3018 mirantur,
650 2945 846 3024 indignantur,
860 2943 1046 3022 interrogant,

252 3041 381 3112 irrident,
396 3041 526 3100 elevanti
566 3041 660 3118 Aliter
680 3041 758 3100 enim
777 3039 893 3113 dicitur,
912 3039 958 3098 [lit
977 3041 1055 3112 mitt

247 3137 433 3218 quodcunque
446 3138 495 3196 loc
509 3138 592 3214 regni
599 3159 610 3204 ,·
625 3149 663 3209 et,
674 3137 826 3213 Ummidii
839 3143 871 3196 tat
885 3137 985 3196 illum?
1005 3146 1046 3209 et,

259 3235 340 3326 Tace
359 3235 407 3296 ille
425 3234 562 3322 AEneas?
584 3244 623 3310 et,
637 3234 738 3314 Meque
758 3235 866 3296 timoris
879 3233 988 3314 Argiae
1001 3240 1057 3310 tat„
