2675 4009
453 559 535 608 lNS'l'.
553 559 690 608 ORA'IUR.
711 559 772 606 ΜΒ.
790 559 822 606 X.
840 559 861 606 3.
1015 553 1055 610 47

261 707 404 786 judicium
417 729 500 768 suum
521 729 588 768 cum
608 710 685 768 illius
706 709 875 768 auctoritate
895 709 1052 786 conjunxit

260 809 288 864 2.
310 808 499 865 Scribendum
513 827 582 884 ergo
595 826 679 881 quam
689 807 915 884 diligentissime,
926 817 955 864 et
969 825 1053 881 quam

260 903 421 978 plurimum.
462 903 491 960 N
494 923 538 960 am
552 914 582 959 ut
592 919 667 960 terra
679 904 761 960 ultius
772 904 873 962 effossa
884 903 1053 980 generandis

261 999 426 1075 alendisque
438 999 596 1056 seminibus
615 999 764 1056 secundior
777 1000 824 1056 fit:
846 1000 889 1056 sic
909 1017 960 1074 pro
989 1011 1053 1055 ctus

260 1113 318 1152 non
334 1113 476 1152 asummo
488 1095 604 1168 petitus,
619 1096 778 1152 studiorum
794 1097 904 1154 fructus
917 1108 945 1152 et
960 1095 1009 1152 fun
1031 1105 1053 1152 tt

260 1192 386 1262 uberius,
413 1201 442 1248 et
467 1191 579 1262 fidelius
605 1191 741 1248 continet.
795 1192 881 1263 Nam,
910 1193 971 1250 sine
998 1193 1053 1248 hac

259 1288 376 1362 quidem
390 1286 576 1358 conscientia,
591 1287 653 1362 ipsa
667 1287 715 1343 illa
736 1305 771 1343 ex
790 1297 917 1362 ternpore
937 1287 1053 1344 dicendi

259 1384 381 1442 facultas
394 1383 507 1440 inanem
523 1383 607 1440 modo
615 1382 815 1457 loquacitatem
825 1383 913 1450 dabit,
926 1395 954 1440 et
967 1385 1054 1440 verba

259 1480 291 1538 in
310 1479 396 1537 labris
415 1480 570 1537 nascentia.
612 1479 639 1536 3.
660 1479 725 1536 Illic
739 1479 859 1550 redime,
875 1479 934 1536 illic
955 1479 1054 1536 sunda·

259 1587 355 1634 menta
380 1587 462 1634 eunt:
491 1577 550 1634 illic
570 1595 639 1652 opes
659 1575 736 1647 velut
762 1575 903 1634 sanctiore
931 1576 1062 1651 quodam

259 1673 359 1731 aerario
377 1673 541 1744 recondite,
556 1673 633 1729 unde
654 1671 689 1730 ad
710 1672 819 1728 subitos
832 1691 945 1747 quoque
959 1691 1051 1746 casus,

260 1788 325 1826 cum
339 1789 386 1827 res
398 1770 503 1847 exiget,
511 1769 698 1845 proferantur.
741 1769 825 1826 Vires
836 1769 973 1826 faciamus
988 1781 1053 1828 aute

258 1866 364 1937 omnia,
378 1884 441 1940 quae
462 1865 605 1922 sufficiant
624 1864 715 1922 labori
736 1865 934 1933 certaminum,
950 1876 978 1923 et
999 1885 1052 1924 usu

258 1980 318 2019 non
344 1961 554 2023 exhauriantur.
602 1961 630 2018 4.
656 1961 738 2019 Nihil
766 1961 841 2020 euim
870 1981 964 2020 rerum
992 1963 1053 2038 ipsa

259 2067 361 2114 nutura
381 2056 468 2114 voluit
488 2076 624 2134 maguum
644 2057 741 2135 effingi
761 2058 828 2126 citu,
843 2059 1053 2134 praeposuitque

258 2150 452 2227 pulcherrimo
464 2151 569 2225 cuique
582 2152 661 2226 operi
682 2152 892 2220 difficultatem
914 2170 976 2225 quae
991 2170 1054 2208 nas·

260 2247 345 2306 cendi
378 2265 492 2322 quoquc
524 2247 600 2304 hanc
628 2248 729 2306 fecerit
755 2249 858 2325 legem,
887 2257 918 2305 ut
946 2247 1053 2324 majora

261 2344 394 2402 animalia
429 2343 537 2402 diutius
569 2345 728 2402 visceribus
768 2345 893 2421 parentis
927 2344 1054 2402 contine·

260 2451 365 2498 rentur.

299 2538 357 2596 Sed
378 2557 445 2595 cum
464 2538 501 2595 eit
521 2537 625 2613 duplex
643 2537 773 2612 quaestio,
788 2538 928 2614 quomodo,
943 2548 971 2596 et
991 2556 1053 2614 que

260 2634 382 2692 maxime
395 2634 483 2690 scribi
496 2644 633 2709 oporteat,
644 2633 704 2708 jam
718 2633 785 2689 hinc
800 2634 927 2690 ordinem
942 2651 1051 2707 sequar.

184 2708 287 2805 (Rufi.
314 2731 359 2786 Sit
384 2730 477 2806 primo
503 2731 547 2787 vel
574 2727 681 2800 tardus'‚
706 2729 773 2786 durn
800 2729 849 2809 dili
872 2748 931 2799 ens,
957 2729 1052 2801 stilus:

261 2844 419 2899 queramus
439 2826 557 2901 optima,
578 2845 634 2884 nec
652 2826 782 2901 protinus
801 2749 995 2882 idldrleiilibus
1022 2844 1054 2884 se

1068 1017 1197 1095 auru-kral

261 2919 452 2994 gaudeamus:
488 2922 653 3020 adhibeatur
678 2921 819 2997 judicium
847 2921 978 2993 inventis,
999 2922 1055 2980 dis·

260 3015 365 3091 positio
377 2989 689 3096 probatissillele'ctue
700 3019 775 3076 euim
784 3037 878 3076 rerum
893 3020 1055 3077 verborum·

262 3129 318 3186 que
339 3114 466 3189 agendus
491 3124 544 3185 est,
559 3125 588 3172 et
607 3115 734 3190 pondera
754 3115 930 3192 singulorum
952 3115 1055 3175 exami-

261 3208 363 3267 nanda
398 3209 465 3268 Post
476 3213 576 3268 subeat
584 3212 656 3269 ratio
669 3212 840 3284 collocandi,
852 3224 1054 3286 versenturque

260 3306 339 3367 omni
352 3307 438 3365 modu
452 3307 580 3366 numeri:
601 3327 670 3380 non,
685 3319 716 3366 ut
729 3310 862 3385 quodque
882 3328 913 3368 ee
931 3307 1056 3383 proferet
1154 3325 1162 3352 ·
1196 3301 1197 3336 ³
