2675 4009
271 569 312 633 dt
496 577 534 626 u.
552 577 622 627 usn
639 577 846 636 oumuunm

269 729 415 790 Meiere
446 730 592 790 tntum
623 728 780 789 tradiderit
805 727 982 790 Hortmrior
1021 747 1069 806 aus

269 826 462 887 Ummium
481 847 525 887 res
546 827 615 886 telis
642 826 712 884 dono
738 827 824 885 siro?
866 826 913 885 De
938 828 1069 904 personis

270 923 427 1001 judicentur,
442 923 493 983 sed
506 924 643 982 derebus
662 916 1068 997 oontenditurffltltiieola·

267 1021 409 1079 mationes
422 1039 500 1092 vero,
515 1020 614 1096 quales
628 1019 659 1078 in
672 1021 780 1079 soholis
799 1022 945 1080 rhetorum
965 1021 1065 1080 dieun-

266 1127 324 1188 tur,
338 1117 363 1176 si
377 1117 463 1176 modo
475 1127 544 1176 sunt
563 1118 599 1175 ad
619 1117 769 1176 veritatem
790 1119 1023 1187 accommodate,
1038 1129 1068 1178 et
1090 1103 1093 1108 ¹

266 1215 443 1273 orationibus
468 1214 586 1287 similes,
606 1234 666 1274 non
692 1224 804 1273 tautum
831 1216 900 1274 dura
927 1216 1066 1275 adolesoit

265 1311 421 1389 proiectus,
442 1321 509 1370 sunt
534 1311 704 1384 utilissime,
725 1331 788 1388 que
816 1313 1011 1372 inventionem
1036 1321 1067 1372 et

265 1408 482 1486 dispositionem
495 1410 601 1486 pariter
614 1420 761 1481 exeroent,
776 1409 828 1466 sed
842 1410 928 1468 etiam
942 1429 1009 1468 eum
1022 1419 1066 1469 est

265 1511 534 1578 consummataque
544 1506 720 1583 jaminforo
734 1504 836 1564 clarus.
878 1505 975 1564 Alitur
988 1507 1065 1565 eninr
1169 1573 1172 1580 ,
1204 1551 1205 1570 ,

265 1614 351 1677 atque
364 1603 506 1673 enitescit,
521 1603 599 1659 velot
617 1601 725 1677 pabulo
744 1601 863 1674 laetiore,
878 1602 1022 1676 facundia,
1036 1613 1066 1662 et

265 1699 379 1756 assidua
402 1699 620 1758 sententiosum
641 1698 793 1774 asperitate
814 1699 931 1776 fatigata
949 1717 1066 1760 renova·

263 1805 318 1854 tur.
361 1798 406 1854 15.
426 1790 611 1872 Quapropter
621 1796 749 1854 historia·
762 1813 969 1873 nonuunquam
983 1799 1067 1858 uber·

262 1894 357 1952 tasin
385 1894 481 1970 aliqua
506 1894 660 1952 exercendi
687 1893 745 1952 stili
770 1904 852 1970 parte
871 1895 1014 1970 ponenda,
1035 1905 1067 1954 et

262 1991 443 2069 dialogorum
467 1992 600 2051 libertate
631 1993 821 2092 &ailwium
862 1991 911 2052 Ne
937 1993 1066 2051 carmine

263 2088 380 2164 quidem
399 2089 500 2148 ludere
520 2090 697 2148 eontrarium
713 2055 822 2148 ''fusiifi
843 2089 919 2148 siout
941 2089 1065 2162 athlete,

261 2186 381 2244 remissa
412 2187 584 2262 quibusdam
616 2187 794 2264 temporibus
820 2187 952 2244 ciborum
979 2197 1065 2261 atque

261 2284 500 2342 exercitationum
513 2295 593 2342 oerta
606 2284 790 2354 necessitate,
805 2283 865 2340 otio
884 2293 913 2340 et
929 2283 1065 2358 jucundi·

261 2379 360 2436 oribus
379 2380 472 2454 epulis
497 2380 676 2437 reficiuntur.
720 2381 765 2436 16.
786 2379 913 2453 Ideoque
933 2379 1004 2436 mihi
1023 2375 1065 2436 ri·

260 2475 344 2533 detur
370 2474 412 2532 M.
440 2475 558 2532 Tullius
589 2485 701 2532 tantum
734 2474 865 2532 intulisse
892 2475 1062 2549 eloquentie

258 2572 368 2646 lumen,
388 2573 466 2648 quod
487 2572 516 2630 in
536 2573 590 2630 hos
608 2591 724 2648 quoque
744 2571 905 2630 studiorum
932 2589 1063 2631 secessus

259 2671 393 2730 eremit.
433 2670 512 2728 Nam
532 2670 557 2728 si
576 2671 661 2729 nobis
681 2670 742 2728 sola
767 2669 888 2727 materia
914 2669 999 2728 inerit
1025 2687 1061 2729 en
1156 2739 1158 2746 ,

258 2767 367 2841 litibus,
387 2786 507 2826 neeesse
526 2778 579 2840 est,
594 2769 739 2826 deteratur
760 2767 862 2844 fulgor,
878 2780 907 2825 et
926 2767 1059 2826 duresoat

259 2865 406 2938 articulus,
427 2875 456 2924 et
475 2866 538 2942 ipse
556 2865 604 2924 ille
630 2883 733 2923 muoro
759 2864 868 2942 ingenii
894 2865 1060 2940 quotidiana

257 2981 355 3041 pugna
368 2963 543 3022 retundatur.

299 3061 344 3118 17.
373 3059 431 3119 Sed
451 3057 693 3136 quemadmodum
714 3057 874 3118 forensibus
895 3058 1056 3117 oerteminia

257 3157 311 3215 bus
324 3158 503 3229 exercitatos,
518 3167 547 3215 et
560 3157 642 3232 quasi
655 3156 810 3214 militantes
824 3156 916 3214 reficit
931 3173 964 3214 ao
977 3175 1056 3232 repa·

257 3264 302 3313 rat
321 3255 384 3314 hate
404 3255 480 3312 velut
507 3255 607 3332 sagina
626 3254 760 3312 dieendi:
789 3253 831 3312 sio
859 3253 1055 3312 adolescentes

256 3369 316 3413 uon
329 3354 435 3414 debent
447 3353 569 3413 nimium
583 3353 614 3414 iu
634 3354 706 3414 salsa
724 3371 820 3413 rerum
840 3352 966 3432 imagine
985 3349 1056 3410 deti·
