2675 4009
395 648 398 653 ,
451 602 690 651 rosconmon.
710 604 834 652 urnxr.
855 606 875 652 1.
1021 599 1062 658 75

263 749 420 809 violentum
435 752 573 829 jucundis
586 754 791 814 adhibeamust
812 765 842 812 ut
857 755 1019 827 monilibus,
1033 765 1062 813 et

262 849 433 925 margaritis,
455 869 490 907 nc
510 860 588 908 vesto
607 850 704 928 longa,
725 871 791 927 quae⁴
809 861 875 908 sunt
895 861 1061 909 ornamenta

262 943 443 1017 seminarum,
457 946 652 1004 deformentur
665 948 734 1018 riri;
754 967 810 1006 uec
831 949 944 1006 habitus
964 949 1061 1006 trium·

259 1041 363 1116 phalis,
377 1061 435 1117 quo
449 1042 519 1099 nihil
533 1043 689 1119 excogitari
703 1054 796 1120 potest
811 1042 966 1121 augustius,
981 1044 1060 1102 femi·

260 1155 313 1194 nus
339 1139 448 1194 decent.
488 1139 517 1195 4.
538 1138 627 1196 Hunc
646 1139 742 1196 locum
764 1141 868 1198 Cicero
888 1141 1009 1199 breviter
1029 1141 1059 1198 in

261 1233 347 1291 tertio
359 1233 396 1292 de
409 1232 532 1292 Oratore
551 1235 626 1292 libro
644 1235 826 1312 perstringit:
847 1255 941 1312 neque
961 1247 1058 1294 tumen

260 1327 351 1386 rideri
358 1338 453 1403 potest
465 1329 621 1405 quidquam
629 1329 769 1402 omisisse,
779 1330 974 1402 dicendorum
983 1333 1059 1390 omni

259 1444 363 1496 constr,
377 1445 465 1502 usquc
477 1427 615 1498 auditori,
630 1445 717 1503 neque
733 1446 871 1502 perseum,
884 1447 972 1503 nsque
989 1436 1057 1486 tem·

259 1522 330 1598 pon'
342 1541 496 1598 congruere
508 1523 647 1581 orationis
667 1543 752 1580 unum
769 1543 868 1598 genus
910 1522 976 1580 Nec
997 1523 1056 1582 iere

258 1618 390 1694 pluribus
403 1619 434 1676 in
447 1617 572 1677 Oratore
580 1619 690 1678 erdem.
732 1620 791 1678 Sed
805 1619 865 1678 illio
878 1619 911 1676 L.
923 1619 1055 1692 Crassus,

259 1735 328 1774 cnm
349 1718 425 1794 apud
444 1737 570 1776 summos
596 1729 735 1790 oratores,
756 1719 944 1794 hominesque
963 1717 1056 1776 erudi·

258 1814 386 1872 tissimus
412 1815 499 1886 dicat,
522 1815 593 1873 setis
618 1815 714 1886 hebet,
740 1825 849 1890 portem
877 1815 952 1874 hano
978 1815 1055 1872 velut

258 1920 359 1968 notore
373 1911 446 1968 inter
461 1920 657 1993 agnoscentes.
698 1912 726 1968 5.
748 1910 786 1968 Et
800 1911 848 1968 hic
863 1911 967 1970 Cicero
989 1911 1056 1968 allo·

257 2025 352 2081 quens
366 2007 487 2063 Brutum
500 2015 618 2064 testatur
632 2024 696 2063 esse
708 2006 772 2064 baeo
785 2007 812 2064 ei
827 2017 909 2077 noto3
932 2007 1054 2081 ideoque

259 2101 375 2160 brevius
388 2121 407 2160 o
419 2121 450 2159 se
463 2102 532 2173 dici,
546 2120 710 2177 quanquam
723 2101 760 2158 sit
780 2103 859 2160 susus
879 2103 968 2172 iocur,
983 2113 1055 2160 truc-

258 2208 393 2273 totusque
406 2217 424 2256 u
435 2197 612 2274 philosophis
624 2197 719 2255 latius.
760 2197 824 2255 Nos
844 2197 1051 2258 institutionem

257 2295 390 2372 professi,
413 2313 473 2352 non
497 2295 592 2352 solum
619 2294 777 2352 scientibus
803 2294 867 2366 ista,
892 2294 942 2352 sed
968 2293 1053 2352 etiam

258 2391 437 2450 discentibus
463 2392 616 2449 tradimus:
651 2391 774 2466 ideoque
806 2391 892 2466 paulo
925 2391 1054 2467 pluribus

257 2489 352 2546 verbis
365 2489 450 2546 debet
464 2488 563 2546 heberi
577 2488 668 2546 renio.

295 2587 324 2643 6.
351 2585 454 2647 Quare
467 2596 568 2642 notum
588 2584 624 2642 sit
645 2594 712 2642 ante
732 2584 838 2654 omnia,
853 2585 921 2659 quid
942 2585 1053 2642 concili-

257 2681 342 2748 ando,
363 2681 494 2751 mundo,
514 2680 643 2738 movendo
667 2680 760 2756 judici
788 2681 955 2738 conveniat:
984 2681 1052 2755 quid

255 2796 370 2853 quaque
395 2788 476 2853 porte
495 2777 632 2834 orationis
651 2786 789 2852 petamus.
831 2775 876 2834 Ita
895 2794 988 2850 neque
1007 2795 1053 2834 re·

256 2885 328 2944 tero,
343 2886 392 2930 out
410 2872 556 2938 translatu,
572 2882 620 2928 aut
640 2872 708 2928 fictu
727 2871 813 2928 verba
833 2870 863 2926 in
883 2871 1051 2946 incipiendo,

255 2969 412 3039 novando,
433 2968 656 3042 argumentando
676 2967 871 3036 moerebimus,
892 2984 985 3040 neque
1006 2968 1052 3024 de·

257 3075 405 3124 currentes
419 3074 553 3122 contexto
566 3064 659 3122 nitore
674 3063 821 3134 circuitus,
837 3062 885 3118 ubi
900 3062 1052 3120 dividenda

253 3163 311 3222 erit
332 3181 428 3232 causa,
449 3172 478 3218 et
504 3161 534 3218 in
559 3170 654 3236 partes
681 3181 747 3218 suas
774 3159 938 3236 digerendo,
959 3179 1052 3234 neque

255 3259 365 3318 humile
395 3268 481 3332 atque
506 3257 703 3332 quotidianum
730 3256 869 3314 sermonis
895 3274 996 3332 genus,
1023 3265 1052 3314 et

253 3355 463 3434 compositione
489 3354 562 3431 ipse
569 3353 749 3425 dissolutum
770 3351 889 3429 epilogis
910 3351 1050 3424 dabimus,
