2675 4009
470 646 553 698 insu.
572 647 711 698 oaauoa.
730 647 791 696 rra.
811 645 843 695 r.
861 647 883 693 s.
1038 635 1078 696 53

279 807 333 872 tes,
354 789 498 860 silentium
525 800 629 871 noetis,
651 809 679 858 et
701 801 831 858 clausum
852 795 1028 886 cubiculum,
1049 805 1078 854 et

279 897 377 956 lumen
388 917 477 956 unum
489 899 668 955 velatteotos
677 897 914 954 maximeteneat.
948 893 995 952 26.
1018 891 1077 950 Sed

279 1014 348 1054 aum
361 997 390 1056 iu
405 997 483 1054 omni
497 996 656 1054 studiorum
671 1014 786 1072 genero,
797 1006 858 1052 tum
871 993 900 1052 in
912 993 966 1050 hoo
980 991 1079 1068 praeoi·

279 1110 337 1168 pue
351 1093 425 1150 bona
438 1092 581 1162 valetudo,
596 1110 717 1166 queque
730 1109 795 1150 eam
810 1091 932 1148 maxime
952 1099 1077 1165 praestat,

278 1188 438 1266 frugalitas,
459 1189 622 1245 necessaria
641 1198 702 1244 est:
725 1207 791 1244 oum
812 1198 941 1263 tempora
962 1186 1079 1260 abipsa

279 1303 376 1342 rerum
401 1295 505 1342 natura
531 1284 566 1357 ad
587 1284 713 1360 quietem
733 1283 976 1358 refectionemque
996 1283 1079 1340 nobis

277 1379 356 1449 data,
378 1381 408 1437 in
431 1382 601 1438 acerrimum
628 1381 757 1438 laborem
778 1379 978 1437 convertimus.
1020 1379 1078 1436 Cui

279 1487 375 1535 tamen
389 1497 447 1534 non
461 1477 525 1554 plus
535 1477 720 1554 irrogandum
729 1487 781 1548 est,
791 1493 876 1551 quam
887 1474 964 1550 quod
978 1492 1079 1532 somno

280 1574 429 1649 supererit,
443 1573 519 1630 baud
533 1573 632 1631 deerit.
673 1573 721 1631 27.
744 1571 848 1630 Obstat
862 1571 939 1628 enirn
959 1570 1080 1647 diligen·

278 1669 327 1727 tia
341 1670 485 1728 scribendi
499 1671 586 1728 etism
599 1669 750 1747 fatigatio:
772 1679 801 1727 et
816 1667 938 1734 abunde,
952 1666 975 1724 si
986 1676 1078 1738 vaoet,

280 1766 354 1824 lueis
387 1767 477 1843 spatia
510 1767 675 1824 sufficiunt:
710 1775 866 1841 occupatos
900 1764 929 1822 in
963 1774 1078 1821 nootem

162 1835 184 1916 9
279 1863 435 1921 neeessitas
450 1864 515 1940 agit.
557 1863 610 1920 Est
623 1874 719 1920 tamen
733 1861 904 1932 lucubratio,
917 1859 1029 1936 quoties
1044 1859 1079 1917 ad

280 1977 344 2017 eam
358 1960 460 2037 integri
483 1978 517 2017 ao
537 1959 638 2017 refecti
658 1959 799 2030 venimus,
814 1959 954 2034 optimum
975 1957 1079 2016 secreti

180 2055 183 2067 ¹
279 2073 379 2133 genus.

318 2151 366 2210 28.
395 2152 453 2209 Sed
468 2151 612 2209 silentium
626 2161 655 2208 et
668 2169 808 2222 secessus,
824 2159 853 2207 et
867 2148 994 2224 undique
1007 2149 1079 2206 liber

281 2247 402 2320 animus,
418 2258 449 2305 ut
462 2257 528 2306 sunt
541 2248 665 2304 maxime
680 2245 813 2323 optanda,
828 2246 868 2303 ita
888 2263 946 2303 nou
968 2263 1079 2322 semper

277 2355 399 2423 possunt
413 2345 598 2422 contingere:
621 2343 744 2418 ideoque
764 2361 823 2400 non
843 2342 949 2414 statim,
964 2341 989 2399 si
1010 2341 1078 2417 quid

280 2443 434 2518 obstrepet,
444 2441 596 2518 abjiciendi
607 2439 725 2498 oodioes
739 2451 834 2511 erunt,
846 2449 874 2497 et
887 2437 1079 2516 deplorandus

166 2568 174 2591 t
278 2539 360 2597 dies:
387 2557 486 2596 verum
513 2537 703 2595 incommodis
729 2537 959 2614 repugnandum,
980 2547 1009 2594 et
1030 2536 1079 2594 hio

282 2636 429 2694 taoiendus
450 2655 527 2707 usus,
542 2645 574 2692 ut
593 2635 701 2706 omniu,
716 2652 779 2708 quoe
801 2633 966 2709 impedient,
981 2633 1078 2690 vineat

281 2731 421 2791 intentio:
455 2751 540 2809 quam
569 2731 593 2789 si
620 2741 681 2788 tota
707 2741 803 2788 urente
831 2730 860 2787 in
887 2749 958 2805 opus
985 2729 1077 2804 ipsum

280 2829 427 2902 direxeris,
448 2829 519 2886 nihil
546 2846 656 2901 eorum,
678 2845 741 2904 quae
768 2827 861 2884 oeulis
887 2826 931 2884 vel
961 2825 1077 2884 auribus

282 2926 438 2999 incursant,
460 2927 495 2985 ad
522 2927 648 2983 animum
674 2923 918 3002 pervenissem.
941 2925 989 2982 An
1009 2943 1088 2983 vero¹

282 3022 443 3097 frequenter
470 3023 556 3082 etiam
577 3023 693 3081 fortuita
713 3024 768 3081 hoo
789 3022 926 3100 cogitatio
951 3032 1075 3098 prestat,

281 3128 314 3177 ut
339 3119 438 3177 obvios
465 3139 523 3178 non
543 3119 700 3192 videamus,
721 3129 750 3178 et
771 3119 872 3178 itinere
893 3119 1074 3178 deerremus:

281 3235 338 3274 non
353 3234 560 3291 consequemur
580 3217 666 3289 idem,
681 3217 748 3276 siet
768 3217 963 3275 voluerimusl
1005 3215 1075 3273 Non

279 3324 323 3370 est
352 3312 557 3390 indulgendum
584 3315 678 3372 causis
706 3314 850 3416 desidiae.
867 3313 993 3402 Num'
972 3333 995 3370 si
1016 3329 1074 3370 non

273 3411 337 3472 ‘nisi
363 3410 474 3486 refesti,
494 3429 553 3471 aon
573 3411 633 3474 nisi
649 3410 782 3488 hilares,
785 3389 919 3474 nonnisi
939 3409 1073 3472 omnibus

513 3508 562 3571 5·
