2675 4009
277 577 320 668 39
499 618 534 662 Μ.
554 616 622 663 Fae.
642 615 847 672 QUINTILIANI

279 767 348 826 dum
363 776 527 843 corruptum
542 776 571 824 et
585 767 717 824 omnibus
731 767 806 824 vitiis
820 767 942 824 fractum
957 765 1072 824 dicendi

279 884 370 942 genua
397 883 529 922 revocare
557 865 592 920 ad
619 865 761 921 severiora
784 864 893 941 judicia
920 863 1071 920 contende.

282 963 346 1019 126.
369 962 446 1018 Tum
462 971 555 1018 autem
570 961 648 1018 solus
661 961 709 1017 hic
725 960 783 1018 lere
804 961 833 1018 in
855 961 986 1017 manibus
1008 960 1073 1016 ado·

278 1058 447 1114 lescentium
475 1058 536 1114 tuit.
583 1057 683 1119 Quem
710 1077 767 1115 non
796 1058 928 1133 equidem
955 1057 1073 1114 omnino

279 1153 403 1209 conabar
430 1165 573 1225 excutere,
601 1155 651 1211 sed
677 1155 836 1230 potioribus
862 1153 988 1230 praelerri
1015 1171 1073 1210 non

278 1251 416 1321 sinebam,
431 1270 503 1326 quos
524 1252 571 1308 illc
592 1271 651 1309 non
672 1253 818 1310 destiterat
838 1253 991 1322 incessere,
1007 1269 1073 1308 cum

279 1346 384 1404 diversi
396 1349 450 1405 sibi
466 1349 599 1406 conscius
612 1349 734 1425 generis,
749 1349 862 1424 placere
877 1367 907 1406 ae
928 1349 957 1406 in
978 1349 1075 1406 dicen·

279 1445 317 1501 do
336 1464 429 1522 posse,
444 1446 546 1520 quibus
566 1445 607 1502 illi
628 1447 783 1520 placerent,
798 1445 945 1502 diffideret.
988 1445 1075 1501 Ama-

279 1542 348 1598 bant
362 1554 456 1600 autem
476 1561 541 1599 eom
562 1542 663 1618 magis,
685 1561 769 1617 quam
791 1541 992 1598 imitabantur:
1015 1549 1075 1596 tan-

279 1649 396 1711 tumque
411 1639 494 1694 abeo
508 1637 679 1709 defluebant,
691 1648 829 1712 quantum
839 1637 887 1694 ille
902 1637 938 1693 ab
952 1635 1075 1710 antiquis

279 1733 473 1792 descenderat.
517 1736 580 1792 127.
602 1733 691 1791 Forat
704 1733 781 1790 enim
802 1732 967 1808 optandum,
981 1751 1073 1807 pares,

281 1841 329 1886 aut
342 1831 441 1887 saltem
454 1831 608 1906 proximos,
623 1831 664 1887 illi
678 1830 739 1887 viro
754 1829 823 1887 lieri.
865 1829 922 1886 Sed
943 1829 1075 1904 placebat

279 1937 392 2002 propter
412 1927 473 1984 sola
492 1927 569 1999 vitia,
584 1938 612 1984 et
633 1927 668 1983 ad
689 1945 723 1984 ea
743 1945 773 1984 se
793 1926 913 2002 quisque
933 1925 1074 2003 dirigebat

280 2024 450 2102 effingenda,
470 2044 534 2100 quae
554 2035 679 2101 poterat:
708 2023 811 2082 deinde
838 2041 903 2080 cum
931 2042 962 2080 se
985 2023 1074 2100 jacta·

280 2133 325 2179 ret
350 2122 450 2180 eodem
482 2123 568 2180 modo
601 2123 707 2194 dicere,
736 2123 877 2179 Senecam
911 2120 1073 2178 infamabat.

283 2219 346 2276 128.
369 2219 460 2295 Cujus
480 2229 509 2276 et
528 2220 624 2276 multae
646 2219 762 2294 alioqui,
777 2229 805 2276 et
826 2237 936 2295 magnae
959 2218 1075 2274 virtutes

281 2315 408 2372 suerunt:
431 2315 579 2390 ingenium
593 2315 677 2372 facile
698 2325 726 2371 et
747 2313 905 2389 copiosum,
919 2313 1074 2388 plurimum

280 2412 377 2482 studii,
405 2413 494 2468 multa
527 2430 620 2469 rerum
655 2411 798 2488 cognitio:
833 2411 861 2467 in
897 2429 953 2485 qua
978 2424 1074 2467 tamen

281 2507 433 2583 aliquando
459 2508 494 2566 ab
527 2508 580 2579 his,
608 2508 710 2583 quibus
745 2506 913 2582 inquirenda
946 2506 1074 2581 quaedam

281 2605 442 2677 mandabat,
457 2605 592 2681 deceptus
606 2616 656 2662 est.
699 2603 847 2661 Tractavit
860 2603 945 2661 etiam
960 2621 1074 2660 omnem

281 2701 339 2759 sere
350 2702 507 2759 studiorum
519 2699 782 2784 materiam.l)129.
805 2699 881 2757 Nam
893 2710 921 2758 et
931 2699 1074 2756 orationes

281 2799 351 2872 ejus,
366 2814 395 2855 et
407 2803 549 2874 poemata,
563 2809 592 2856 et
612 2797 748 2873 epistolae,
761 2807 789 2854 et
809 2797 914 2874 dialogi
936 2796 1072 2854 feruntur.

281 2891 316 2949 In
342 2895 521 2970 philosophia
540 2913 640 2970 parum
667 2893 799 2970 diligens,
820 2893 951 2971 egregius
978 2905 1073 2951 tamen

281 2989 411 3046 vitiorum
428 2992 581 3048 insectator
602 2991 663 3048 fuit.
706 2989 807 3048 Multae
828 2991 857 3048 in
878 3009 913 3048 eo
934 2990 1074 3065 claraeque

281 3087 439 3157 sententiae,
460 3088 551 3144 multa
572 3087 657 3145 etiam
686 3105 795 3145 morum
822 3088 914 3166 gratia
932 3087 1072 3164 legenda:

281 3185 331 3242 sed
357 3185 387 3242 in
414 3186 575 3260 eloquendo
601 3198 735 3262 corrupta
760 3187 905 3263 pleraque,
928 3197 1012 3262 atque
1038 3201 1074 3241 eo

281 3282 529 3358 perniciosissima,
557 3285 632 3360 quod
660 3285 805 3342 abundant
832 3285 963 3342 dulcibus
989 3281 1071 3339 vitiis

1195 2943 1199 3060 r

283 3380 347 3438 rao.
373 3380 469 3439 verres
483 3398 548 3440 eum
563 3400 616 3440 sao
629 3381 747 3460 ingenio
760 3383 874 3453 uixisse,
890 3382 984 3440 sueno
1000 3378 1074 3456 juu-
1190 3377 1199 3552 p
