2675 4009
458 580 542 628 nle‘r.
560 581 698 628 ORATOR.
719 581 780 636 ΠΒ.
800 581 832 636 Χ.
853 583 872 626 l.
1025 571 1062 637 18

268 730 443 793 noscendum
455 730 550 790 litium
564 731 752 806 questionem
765 741 844 793 reete
864 730 1060 808 requiremus:

270 838 300 884 ut
333 837 433 886 oontru
466 827 617 885 Ciceronis
649 828 805 900 orationes,
832 827 998 886 Tuberonis
1031 828 1061 888 in

268 923 426 1000 Ligarium,
440 934 469 981 et
487 922 636 981 Hortensii
656 943 708 1000 pro
727 925 825 982 Verre.
865 923 1061 995 Quinetiam,

269 1019 382 1078 easdem
397 1039 498 1078 causes
512 1029 544 1078 ut
564 1020 685 1095 quisque
705 1021 805 1098 egerit,
820 1021 890 1078 utile
907 1021 961 1080 erit
978 1020 1061 1080 seire.

267 1115 345 1174 Nam
368 1117 404 1174 de
427 1116 514 1174 domo
533 1117 684 1176 Cioeronis
703 1118 774 1176 dixit
794 1118 939 1176 Calidius:
967 1129 996 1178 et
1010 1137 1063 1194 pro

268 1211 379 1270 Milone
404 1212 563 1278 orationem
588 1213 695 1272 Brutus
727 1215 938 1274 exercitationis
971 1215 1063 1292 gratia
1148 1288 1151 1293 .

265 1308 391 1385 scripsit,
417 1309 530 1368 etiamsi
555 1310 650 1388 egisse
677 1327 743 1368 eum
775 1311 927 1369 Cornelius
959 1312 1063 1372 Celsus

268 1405 339 1462 salso
351 1405 515 1480 existimat·
540 1407 588 1464 24.
610 1405 649 1464 Et
662 1406 755 1464 Pollio
775 1416 804 1466 et
824 1406 949 1466 Messala
968 1409 1064 1468 desen·

267 1502 370 1560 derunt
395 1503 522 1575 eosdem,
550 1513 579 1562 et
605 1504 690 1562 nobis
722 1504 818 1580 pueris
852 1504 978 1580 insignes
1010 1522 1063 1580 pro

267 1598 415 1659 Voluseno
437 1601 551 1672 Catulo,
573 1600 695 1659 Domitii
715 1601 789 1674 Asri,
809 1601 904 1678 Crispi
922 1601 1061 1674 Passieni,

266 1694 382 1758 Deoiuri
408 1698 491 1756 Laelii
518 1698 662 1756 orationes
690 1698 859 1756 serebantur.
901 1697 1005 1776 Neque
1032 1699 1062 1758 id

267 1795 361 1852 stetim
380 1796 488 1873 legenti
507 1814 674 1871 persuasum
695 1795 742 1868 sit,
762 1795 867 1867 omnia,
882 1815 944 1872 quse
964 1796 1062 1874 magni

267 1903 397 1953 auctores
417 1892 550 1963 dixerint,
565 1893 664 1966 utique
685 1911 747 1950 esse
765 1892 899 1968 perlecta.
940 1893 969 1950 N
973 1913 1016 1952 em
1033 1904 1063 1954 et

265 1987 398 2046 labuntur
413 1989 575 2066 aliquando,
589 2000 620 2046 et
632 1990 714 2048 oneri
732 1990 848 2060 oedunt,
864 1999 892 2048 et
912 1989 1062 2068 indulgent
1139 2053 1141 2058 ,

266 2081 447 2158 ingeniorum
473 2102 590 2141 suorum
616 2085 770 2159 voluptati:
801 2103 856 2142 neo
883 2103 993 2160 semper
1021 2086 1063 2144 iu·

266 2177 389 2236 tendunt
410 2177 550 2236 animum:
578 2197 784 2254 nonnunquam
805 2179 973 2255 seligentur:
995 2199 1062 2240 oum

266 2273 402 2332 Cioeroni
416 2273 570 2331 dormitare
583 2273 697 2332 interim
708 2274 927 2347 Demosthenes,
940 2275 1062 2335 Horatio

264 2374 333 2426 vero
349 2368 437 2427 etiam
457 2368 602 2428 Homerus
620 2369 682 2445 ipse
703 2369 839 2428 videntur.
879 2370 926 2428 25.
949 2371 1061 2430 Summi

266 2465 343 2524 enim
360 2476 436 2537 sunt,
455 2466 587 2524 homines
604 2476 716 2524 temen:
746 2468 907 2544 uooiditque
925 2469 979 2541 his,
1001 2469 1060 2545 qui,

266 2563 403 2638 quidquid
432 2562 505 2639 apud
532 2563 596 2620 illos
622 2565 790 2639 reperietur,
818 2565 934 2624 dioendi
967 2567 1061 2644 legem

265 2669 375 2734 putant,
389 2669 422 2718 ut
434 2659 575 2718 deteriore
587 2659 744 2734 imitentur,
760 2661 803 2738 (id
818 2662 894 2720 enim
909 2673 952 2722 est
972 2663 1061 2722 faoili·

266 2757 313 2836 us)
329 2775 365 2814 ao
377 2775 408 2816 se
429 2756 542 2814 abunde
560 2756 669 2817 similes
688 2768 798 2833 putent,
813 2759 837 2816 si
858 2759 927 2818 vitis
945 2778 1062 2838 meguo-

267 2871 330 2910 rum
343 2863 561 2929 oonsequeutur.

305 2949 353 3008 26.
379 2949 509 3008 Modeste
522 2960 618 3022 temen
631 2961 661 3008 et
675 2951 884 3028 oirounrspeoto
900 2951 1011 3030 judicio
1024 2953 1061 3014 de
1137 2988 1141 2996 ι

268 3047 354 3104 tentis
368 3048 434 3107 viris
446 3048 696 3125 pronunciandum
705 3060 757 3122 eet,
767 3068 814 3119 ne,
827 3052 903 3128 quod
916 3039 1060 3130 plerisque

269 3143 385 3216 eooidit,
411 3144 546 3204 damnent
571 3165 635 3221 quse
661 3165 719 3204 nou
748 3146 919 3226 intelligunt.
961 3149 1007 3208 Ao
1033 3147 1058 3206 si

268 3258 387 3301 neeesse
412 3251 455 3300 est
481 3241 512 3300 in
539 3241 657 3302 alterum
685 3261 785 3304 ¹errare
817 3256 937 3322 purtem,
963 3244 1060 3313 omnio

501 3338 522 3398 2
