2675 4009
445 600 528 648 msc.
548 601 688 648 oniscon„
710 601 771 651 ure.
794 601 826 648 x.
845 602 865 648 1.
1012 591 1051 650 37

259 748 422 810 elocutione
435 752 598 829 respiceret
641 753 706 810 12l.
728 750 865 810 Ceterum
879 749 1053 826 interceptus

260 865 373 923 quoque
393 867 529 925 magnum
556 849 611 905 sibi
638 849 765 906 vindicat
792 849 897 906 locum.
939 847 984 906 Ea
1011 857 1054 904 est

260 944 401 1016 facundia,
416 956 495 1002 tenta
514 945 544 1002 in
565 945 743 1021 explicando,
758 946 834 1021 quod
854 945 930 1017 velit,
945 944 1053 1022 gratia:

259 1050 317 1098 tam
344 1041 499 1098 candidum
525 1051 553 1098 et
585 1039 650 1099 lene
683 1053 712 1100 et
744 1043 905 1118 speciosum
939 1039 1054 1100 dicendi

259 1155 365 1214 genus:
386 1147 465 1194 tanta
477 1138 638 1208 verborum,
657 1139 743 1195 etiam
764 1159 826 1213 quae
842 1149 966 1196 assumta
978 1147 1054 1210 sunt,

261 1234 432 1310 proprietasr
454 1234 574 1290 tantuin
584 1234 755 1309 quibusdam
768 1253 804 1292 ex
816 1236 945 1310 periculo
958 1234 1055 1312 petitis

261 1330 460 1407 significantia
504 1332 568 1389 122.
591 1330 749 1388 Habebunt
775 1331 824 1406 qui
849 1341 914 1406 post
939 1352 992 1390 nos
1019 1331 1056 1390 de

261 1427 422 1484 oratoribus
434 1428 570 1500 scribent,
578 1445 712 1504 magnam
722 1445 780 1495 ecs,
793 1427 841 1503 qui
854 1446 934 1485 nunc
947 1429 1054 1505 vigent,
1158 1425 1159 1428 ’

260 1527 408 1584 materiam
434 1545 500 1585 vere
525 1512 670 1585 leudandi.
726 1528 801 1585 Sunt
834 1526 911 1585 enim
945 1545 1057 1585 summa

260 1623 356 1694 hodie,
377 1625 481 1698 quibus
501 1625 655 1682 illustratur
677 1624 779 1694 forum,
802 1624 924 1702 ingenia.
967 1623 1057 1682 Nem·

261 1739 317 1794 que
337 1731 367 1778 ct
386 1722 576 1779 consummati
596 1722 656 1797 jam
674 1721 788 1797 patroni
809 1722 950 1780 veteribus
971 1740 1057 1780 aemu·

259 1817 364 1890 lentur,
376 1828 407 1875 et
420 1821 470 1875 eos
481 1818 617 1894 juvenum
632 1817 668 1874 ad
682 1818 789 1893 optima
802 1819 980 1876 tendentium
994 1817 1057 1876 imi·

261 1922 336 1970 tatur
351 1933 386 1971 ac
398 1914 527 1987 sequitur
541 1913 689 1970 industrie.

301 2010 366 2067 123.
394 2010 563 2084 Supersunt,
577 2010 626 2082 qui
639 2009 676 2065 de
688 2007 868 2085 philosophia
881 2009 1055 2085 scripserint,

260 2123 319 2181 quo
339 2105 368 2162 in
388 2123 493 2180 genere
513 2104 702 2180 paucissimos
723 2104 816 2166 adhuc
833 2105 998 2178 eloquentes
1011 2104 1058 2162 lit·

260 2212 329 2260 terre
342 2201 483 2258 Romane
496 2200 630 2258 tulerunt.
670 2198 751 2256 Idem
765 2199 852 2276 igitur
866 2199 908 2258 M.
934 2199 1056 2271 Tullius,

261 2298 312 2376 qui
325 2297 442 2372 ubique,
456 2297 542 2354 etiam
558 2296 588 2354 in
607 2297 664 2354 hoc
684 2313 770 2373 opere
790 2296 917 2355 Platonis
938 2297 1057 2356 emulus

261 2395 376 2454 exstitit
418 2393 561 2472 Egregius
574 2413 651 2467 vero,
662 2394 819 2468 multoque,
831 2413 914 2470 quam
929 2395 959 2453 in
974 2395 1057 2454 oreti-

262 2492 375 2564 onibns,
395 2491 573 2567 prestantior
591 2491 716 2562 Brutus,
738 2491 849 2548 suffecit
874 2492 994 2568 ponderi
1014 2511 1057 2550 re·

262 2607 342 2646 rum:
361 2589 437 2646 scies
449 2607 515 2646 enm
526 2588 641 2660 sentire,
650 2607 713 2662 quae
728 2587 805 2645 dicit.
848 2588 912 2646 124.
936 2587 1057 2663 Scripsit

262 2703 321 2742 non
333 2704 435 2761 parurn
448 2685 538 2742 multa
560 2683 713 2767 Cornelius!
723 2683 830 2766 Celsus,
845 2684 955 2742 Sextios
976 2703 1056 2742 secu·

262 2791 319 2854 tus,
330 2802 388 2841 non
399 2783 462 2840 sine
475 2782 556 2840 cultu
571 2801 605 2839 ac
618 2783 719 2840 nitore.
760 2781 890 2840 Plancus
905 2781 935 2840 in
950 2781 1056 2840 Stoicis

263 2896 359 2936 rerum
373 2879 539 2956 cognitione
552 2879 638 2936 utilis.
680 2877 715 2936 In
736 2877 886 2954 Epicureis
906 2879 975 2937 levis
995 2878 1056 2954 qui·

264 2973 340 3043 dem,
349 2975 398 3031 sed
407 2995 464 3032 non
479 2974 651 3050 injucundus
664 2985 760 3038 tumen
775 2985 929 3034 auctorest
944 2975 1053 3034 Catius.

261 3067 332 3124 125.
353 3067 398 3124 Ex
417 3068 555 3126 industria
575 3064 708 3127 Senecam
728 3069 855 3128 inomni
875 3089 979 3147 genere
999 3069 1056 3128 clo·

248 3166 389 3242 -quentiae
415 3166 521 3240 distuli,
541 3178 655 3243 propter
682 3169 825 3246 vulgatam
851 3169 921 3228 falso
947 3169 983 3227 de
1008 3185 1055 3224 me

264 3263 440 3339 opinionem,
460 3267 527 3340 quia
547 3265 681 3323 damnare
701 3284 777 3338 eum,
798 3275 827 3324 et
847 3266 968 3324 invisum
988 3281 1055 3339 quo·

264 3379 323 3437 que
342 3361 447 3420 bebere
467 3381 531 3420 sum
550 3362 685 3421 creditus
725 3363 815 3428 Quod
842 3363 947 3423 eccidit
973 3359 1053 3430 mihi,

498 3457 518 3516 t
