2675 4009
481 541 563 591 msn.
582 541 720 590 oneror.
740 541 803 592 ms.
824 541 856 592 rt
874 543 896 590 c.
1050 533 1090 594 tr

289 688 368 748 cuit:
383 689 537 766 multosque
549 691 660 748 suntab
671 709 706 750 eo
715 690 828 768 scripte
840 691 876 750 ad
885 691 963 749 hunc
972 691 1088 750 modum

288 787 448 845 orationes:
470 787 542 846 adeo
554 797 587 844 ut
599 787 686 844 etiam
707 806 773 846 cum
794 787 842 846 illa
862 787 1016 863 Hyperidis
1035 805 1088 863 pro

286 881 401 959 Phryne
414 882 586 941 difficillima
598 883 742 942 Romanis
755 883 913 942 subtilitate
934 884 1087 942 contende·

286 989 338 1038 ret
378 980 406 1038 3.
427 979 467 1036 Et
488 979 639 1038 manifesta
665 989 709 1038 est
734 981 947 1040 exercitationis
967 980 1086 1057 hujusce

285 1075 367 1134 ratio.
408 1075 486 1133 Nam
496 1085 526 1132 et
538 1094 633 1133 rerum
647 1075 732 1152 copia
744 1076 840 1134 Graeci
854 1087 985 1136 auctores
999 1077 1086 1134 abun·

285 1171 364 1243 dant,
373 1180 403 1230 et
411 1171 567 1247 plurimum
581 1171 649 1229 artis
662 1171 693 1229 in
707 1171 899 1248 eloquentiam
912 1173 1083 1230 intulerunt:

285 1268 387 1326 ethos
413 1268 659 1340 transferentibus,
680 1267 774 1324 verbis
800 1269 843 1326 nti
862 1269 978 1344 optimis
997 1269 1083 1328 licet:

285 1364 419 1422 omnibus
432 1365 509 1422 enim
522 1365 629 1422 utimur
642 1364 755 1423 nostris.
797 1364 919 1442 Figurae
932 1383 1009 1437 vero,
1023 1365 1085 1440 qui·

285 1459 340 1518 bus
372 1461 495 1519 maxinm
527 1471 644 1519 ornatur
671 1461 772 1533 oratio,
799 1460 904 1518 multas
931 1479 966 1518 ao
991 1460 1084 1518 varias

284 1558 468 1635 excogitandi
493 1557 581 1616 etiam
600 1557 758 1616 necessitas
778 1557 909 1633 quaedarn
929 1566 988 1616 est:
1016 1557 1084 1632 quie

284 1652 451 1732 plerumque
466 1673 483 1712 a
495 1654 606 1712 Graecis
620 1653 756 1712 Romana
769 1653 950 1712 dissentiunt.
963 1625 1071 1808 &D

323 1750 352 1808 t.
380 1751 482 1809 Sedet
495 1751 544 1808 illa
557 1769 593 1808 ex
612 1749 724 1808 Latinis
744 1749 893 1808 conversio
913 1749 1005 1807 multu
1071 1758 1084 1808 t

284 1843 347 1921 ipsa
359 1847 521 1904 contulerit.
562 1845 659 1904 Aede
673 1846 848 1904 carminibus
862 1845 976 1922 quidem
994 1845 1084 1905 nemi·

284 1959 352 2000 nem
364 1943 453 2000 credo
466 1942 607 2014 dubitare,
618 1961 675 2016 quo
686 1943 748 2000 solo
757 1961 864 2020 genere
872 1943 1083 2000 exercitationis

285 2036 391 2094 dicitur
411 2057 481 2094 usus
506 2056 568 2096 esse
596 2038 751 2114 Sulpicius.
792 2038 871 2096 Nam
898 2049 927 2096 et
953 2038 1083 2098 sublimis

284 2133 401 2210 spiritus
422 2133 550 2192 attollere
570 2133 728 2192 orationem
747 2143 856 2210 potest:
878 2143 906 2192 et
926 2134 1021 2206 verba,
1034 2151 1084 2210 po-

284 2230 362 2288 etica
373 2230 504 2294 libertate
523 2229 686 2302 audaciora,
706 2249 765 2288 non
782 2240 959 2306 praesumunt
981 2230 1082 2290 eadem

162 2341 166 2350 ·
196 2326 399 2456 Wprqprie
412 2326 527 2384 dicendi
541 2325 714 2384 facultatem.
734 2343 735 2349 ¹
757 2325 815 2384 Sed
835 2335 864 2384 et
884 2325 952 2402 ipsis
972 2337 1084 2386 senteu-

284 2422 334 2480 tiis
347 2422 471 2496 adjicere
484 2423 553 2481 licet
566 2423 724 2480 oratorium
737 2423 833 2495 robur,
849 2433 878 2481 et
893 2424 999 2482 omissa
1019 2442 1083 2500 sup-

283 2518 372 2594 plere,
393 2519 484 2576 effusa
502 2519 706 2596 substringere.
747 2520 775 2577 5.
797 2518 902 2594 Neque
928 2538 983 2598 ego
1002 2539 1081 2596 pare·

283 2614 409 2692 phrasim
428 2633 491 2672 esse
510 2614 773 2690 interpretationem
799 2624 910 2672 tantum
936 2616 1010 2688 volo,
1031 2616 1081 2674 sed

284 2711 364 2768 circa
376 2710 492 2769 eosdem
502 2730 602 2769 sensus
612 2719 757 2768 certamen
766 2719 850 2786 atque
861 2711 1080 2770 emulationem.

284 2804 412 2883 Ideoque
439 2808 475 2865 ab
495 2807 551 2864 illis
571 2807 719 2878 dissentio,
739 2805 794 2882 qui'
809 2817 918 2864 vertere
938 2808 1082 2866 orationes

284 2901 402 2962 Latinas
421 2915 527 2975 vetant,
542 2904 619 2980 quia,
632 2903 749 2980 optimis
768 2903 927 2978 occupatis,
942 2903 1081 2980 quidquid

284 2997 366 3056 aliter
380 2999 543 3072 dixerimus,
557 3018 676 3058 necesse
690 2999 727 3057 sit
746 3017 808 3057 esse
829 2999 962 3058 deterius.
1003 2999 1033 3058 N
1036 3019 1081 3058 am

282 3116 378 3174 neque
390 3117 501 3176 semper
514 3109 558 3156 est
577 3099 795 3175 desperandum,
810 3098 917 3174 aliquid
938 3099 1003 3172 illis,
1018 3118 1081 3174 quae

283 3193 363 3253 dicta
389 3205 465 3268 sunt,
486 3195 589 3254 melius
614 3213 699 3272 posse
726 3193 861 3272 reperiri:
889 3213 983 3270 neque
1009 3194 1081 3252 adeo

283 3289 414 3372 jejunam
434 3310 470 3363 ac
494 3309 649 3370 pauperem
668 3301 771 3351 natura
789 3291 981 3368 eloquentiam
1001 3288 1079 3364 fecit,
