2675 4009
456 590 537 638 msa.
556 590 693 638 curros.
713 589 773 636 nra.
793 589 824 636 x.
843 591 864 636 r.
1011 579 1048 642 71

296 739 346 798 24.
373 739 432 798 Sed
458 759 517 798 non
543 740 653 798 minore
679 739 774 797 studio
800 739 962 798 continetur
988 739 1051 796 hec

260 835 388 907 facultas,
404 855 489 912 quam
503 848 626 911 paratur.
667 837 725 894 Ars
738 837 814 894 enim
830 837 916 894 semel
936 855 1051 912 percep-
1114 841 1119 855 “

258 942 298 1003 ta,
311 952 370 990 uon
385 934 508 990 labitur:
529 933 610 990 stilus
629 952 742 1008 quoque
763 934 971 990 intermissione
985 866 1167 1008 μαψ

258 1028 349 1086 lulum
369 1030 522 1086 admodum
536 1029 572 1086 de
585 1030 730 1088 celeritate
744 1030 888 1105 deperdit:
909 1040 1051 1106 promtum

259 1124 325 1195 hoc,
346 1135 376 1182 et
401 1125 432 1182 iu
457 1125 589 1199 expedito
614 1126 748 1200 positum,
770 1126 972 1184 exercitatione
992 1126 1053 1183 sola

259 1220 429 1278 continetur.
471 1220 536 1277 Hac
550 1221 592 1278 uti
605 1221 648 1278 sic
661 1221 800 1296 optimum
814 1232 866 1290 est,
880 1231 912 1278 ut
925 1221 1052 1296 quotidie

259 1316 390 1373 dicamus
403 1317 584 1374 audientibus
597 1317 735 1392 pluribus,
748 1317 869 1374 maxime
883 1317 918 1374 de
931 1335 1051 1392 quorum

259 1401 349 1470 aimus
365 1413 476 1489 judicio
490 1425 574 1489 atque
587 1413 721 1489 opinione
742 1414 873 1470 solliciti:
895 1433 989 1471 rarum
1009 1424 1052 1472 est

259 1510 347 1581 enim,
361 1522 393 1568 ut
406 1511 475 1567 satis
494 1529 525 1567 se
546 1511 666 1586 quisque
687 1521 823 1568 vereatur.
865 1510 919 1568 Vel
940 1510 993 1566 soli
1013 1521 1053 1568 ta·

258 1627 324 1666 meu
339 1609 469 1666 dicamus
480 1611 584 1684 potius,
599 1629 683 1684 quam
698 1609 815 1666 omnino
835 1627 893 1666 non
914 1609 1051 1666 dicamne.

257 1706 306 1764 25.
328 1705 381 1762 Est
394 1706 441 1764 illa
461 1707 628 1764 ereroitatio
647 1706 804 1782 cogitandi,
819 1715 947 1780 totasque
968 1717 1054 1763 mate·

258 1804 316 1862 rias
329 1805 373 1862 vel
387 1805 502 1861 silentio
516 1804 597 1880 (dum
612 1815 707 1862 tamen
728 1805 808 1878 quasi
829 1805 907 1862 dicat
927 1805 1001 1862 intra
1022 1823 1053 1862 se

259 1901 366 1978 ipsum)
386 1901 584 1975 persequendi,
605 1920 669 1974 quae
690 1901 769 1958 nullo
791 1919 847 1958 non
868 1912 896 1958 et
924 1912 1052 1977 tempore

259 2008 289 2052 et
320 1996 395 2066 loco,
422 1995 537 2070 quando
569 2014 627 2052 oon
661 1995 736 2052 aliud
772 1996 890 2072 agimus,
917 1996 1052 2072 explicari

258 2102 368 2166 potest:
389 2102 417 2148 et
431 2101 474 2148 est
488 2091 517 2147 in
530 2102 610 2166 parte
625 2091 730 2161 utilior,
742 2110 825 2166 quam
840 2092 902 2148 haec
915 2093 1051 2166 proxima.

258 2189 307 2246 26.
328 2187 503 2263 Diligentius
522 2187 600 2244 enim
620 2188 810 2262 componitur,
831 2207 914 2262 quam
943 2187 1001 2258 illa,
1023 2187 1053 2244 in

259 2303 316 2359 qua
348 2294 512 2340 contextum
547 2283 662 2340 dicendi
695 2283 897 2394 internqiptejp„
915 2301 1051 2341 veremur.

259 2380 374 2439 Rursus
396 2380 427 2438 in
447 2381 503 2438 alia
522 2381 586 2456 plus
604 2381 682 2456 prior
702 2351 820 2451 differt,
842 2381 920 2438 vocis
940 2381 1053 2439 firmita-

258 2487 326 2549 tem,
340 2477 399 2534 oria
413 2477 589 2547 facilitatem,
604 2488 712 2533 motum
727 2476 863 2552 corporis,
878 2477 926 2552 qui
940 2487 968 2534 et
982 2477 1051 2553 ipse,

259 2583 291 2632 ut
317 2573 386 2645 diri,
407 2575 513 2632 excitat
538 2583 689 2650 oratorem,
710 2583 738 2632 et
762 2573 915 2648 jactatione
941 2591 1051 2645 manus,

258 2669 341 2745 pedis
373 2655 564 2745 supplosione',
592 2669 668 2726 sicut
701 2669 793 2726 cauda
826 2668 922 2726 leones
957 2669 1051 2726 facere

260 2765 550 2836 dicuntur,bortatur.
589 2767 637 2824 27.
660 2765 838 2823 Studendum
852 2783 918 2822 vero
932 2782 1052 2839 semper,

260 2871 289 2918 et
302 2862 417 2937 ubique.
458 2861 561 2938 Neque
581 2862 657 2920 enim
679 2863 737 2920 sere
757 2871 815 2918 tam
835 2871 878 2922 est
899 2862 971 2920 ullus
991 2861 1053 2920 dies

261 2968 427 3033 occupatus,
442 2970 474 3016 ut
493 2960 565 3017 nihil
585 2960 739 3030 lucrative,
754 2968 785 3016 ut
806 2958 910 3016 Cicero
931 2958 1052 3016 Brutum

262 3053 356 3112 lacere
369 3056 464 3127 tradit,
473 3075 566 3132 opere
580 3055 818 3126 adscribendum,
829 3066 877 3112 aut
890 3055 1051 3132 legendum,

262 3161 311 3208 aut
325 3151 477 3210 dicendum
493 3153 552 3229 rapi
568 3153 663 3228 aliquo
677 3164 822 3210 momento
836 3152 970 3228 temporis
989 3169 1052 3226 pos·

261 3248 307 3306 sit.
348 3249 495 3324 Siquidem
523 3249 557 3308 C.
579 3248 674 3306 Carbo
700 3250 784 3308 etiam
813 3249 842 3306 in
868 3247 1052 3306 tabernaculo

261 3345 371 3404 solebat
396 3345 452 3403 hac
476 3345 519 3403 uti
543 3345 748 3419 exercitatione
774 3345 896 3404 dicendi.
936 3343 983 3402 28.
1004 3340 1053 3400 Ne
