2675 4009
274 544 316 605 tt)
496 553 533 600 u.
552 553 621 600 rna.
638 551 845 610 eumanum

273 701 322 762 ⁹3.
349 703 452 782 Elegia
477 721 592 779 quoque
616 703 736 761 Grecos
761 719 960 780 provocamus,
987 703 1070 781 cujus

274 799 345 858 milti
359 811 451 860 tersus
465 812 550 874 utque
563 799 681 876 elegans
694 799 817 858 maxime
836 799 948 857 uidetur
969 811 1069 860 auctor

280 895 418 954 Tibullus.
459 896 534 952 Sunt
547 895 596 971 qui
610 895 795 971 Propertium
815 895 922 954 malint.
967 895 1069 954 Ouidi·

273 1012 307 1051 us
320 1003 441 1067 utroque
452 991 602 1050 lascivior:
623 991 699 1050 sicut
709 991 805 1050 durior
818 991 931 1050 Gallus.
973 992 1069 1051 Satira

273 1089 387 1164 quidem
407 1098 467 1146 tota
485 1098 582 1146 nostra
601 1077 655 1160 est,
670 1088 701 1146 in
720 1108 777 1165 qua
796 1088 904 1166 primus
925 1088 1067 1166 insignem

271 1184 385 1242 laudem
399 1185 518 1260 adeptus
532 1185 665 1244 Lucilius
679 1185 817 1261 quosdam
833 1185 872 1242 ita
886 1184 998 1243 deditos
1011 1185 1066 1244 sibi

273 1280 366 1338 adhuc
379 1281 464 1340 habet
478 1292 628 1354 amatores,
642 1292 674 1339 ut
688 1299 754 1340 eum
767 1299 825 1338 non
840 1281 967 1357 ejusdem
981 1283 1067 1340 modo

271 1376 365 1452 operis
385 1378 558 1449 auctoribus,
579 1378 630 1435 sed
656 1377 790 1434 omnibus
815 1377 908 1451 politis
934 1377 1066 1453 preferre

271 1491 330 1530 nou
344 1474 482 1532 dubitent.
522 1475 571 1532 94.
593 1472 659 1550 Ego
672 1483 810 1548 quantum
826 1472 861 1530 ab
876 1472 942 1545 illis,
956 1483 1067 1532 tantum

272 1572 308 1629 ab
320 1569 443 1630 Horatio
456 1571 604 1643 dissentio,
617 1571 668 1647 qui
683 1571 828 1628 Lucilium
841 1570 934 1649 fluere
949 1572 1069 1632 turnus·

270 1676 338 1738 tum,
357 1679 397 1740 et,
418 1689 474 1728 esse
494 1667 616 1744 aliquid,
637 1667 714 1744 quod
735 1668 829 1726 tollere
851 1669 957 1744 possis,
977 1679 1066 1744 putat.

270 1762 346 1822 Nam
360 1765 483 1824 eruditio
506 1765 536 1822 in
556 1783 592 1821 eo
611 1764 694 1836 mua,
709 1774 738 1822 et
756 1764 881 1836 libertas,
897 1775 980 1840 atqm
1000 1765 1067 1824 inde

270 1861 420 1933 acerbitas,
434 1872 464 1919 et
478 1861 592 1918 abunde
611 1861 688 1918 salis.
729 1859 825 1918 Multo
845 1871 889 1920 est
909 1861 1010 1920 tersior
1031 1880 1067 1920 ac

269 1975 358 2034 purus
377 1958 468 2035 inagis
480 1957 637 2028 Horatius,
651 1967 681 2016 ct
702 1957 737 2016 ad
757 1958 897 2016 notandos
917 1958 1065 2016 hominum

268 2071 363 2114 mores
374 2054 544 2130 precipuus.
585 2052 712 2112 Multum
726 2064 755 2112 et
768 2073 841 2112 verae
850 2053 959 2132 glorie,
968 2073 1067 2130 quam·

268 2150 311 2208 ris
324 2168 383 2208 uno
394 2149 478 2223 libro,
492 2151 616 2210 Persius
630 2152 743 2210 meruit.
786 2152 862 2210 Sunt
876 2150 947 2210 clari
967 2151 1065 2210 bodic-

267 2265 333 2321 que,
360 2257 389 2304 et
414 2247 464 2320 qui
491 2248 561 2306 olim
586 2246 909 2330 nominabunturs‘illb.
931 2248 1063 2308 Alterum

268 2341 339 2399 illud
352 2343 438 2400 etiam
450 2343 530 2418 prius
543 2343 636 2401 satiro
657 2361 759 2420 genus,
773 2343 824 2400 scd
844 2362 903 2402 non
923 2344 983 2402 sola
1004 2363 1064 2404 car·

267 2438 377 2496 minum
391 2439 526 2497 varietate
540 2439 660 2497 mixtum
675 2441 804 2498 condidit
823 2441 972 2502 Terentius
993 2443 1064 2502 Vur·

267 2553 309 2604 rc,
323 2534 365 2590 vir
379 2534 578 2592 Romanorum
591 2536 809 2595 eruditissimus.
851 2537 994 2598 Plurimos
1014 2539 1063 2598 ltic

266 2629 355 2688 libros
368 2641 398 2688 et
409 2631 591 2690 doctissimos
610 2633 781 2708 composuit,
801 2634 990 2709 peritissimus
1009 2636 1063 2694 lin·

266 2745 331 2803 guas
344 2727 463 2799 Latina,
475 2738 504 2786 et
516 2729 610 2787 omnis
625 2729 810 2805 antiquitatis,
829 2740 858 2789 et
871 2749 966 2790 rerum
984 2732 1063 2788 Gra·

265 2841 375 2895 carum,
383 2835 608 2901 nostrarumque,
621 2827 686 2902 plus
699 2836 795 2884 tamen
805 2827 932 2886 scientiae
946 2827 1064 2884 collatu·

265 2939 325 2991 rus,
346 2940 431 2996 quam
458 2922 635 2997 eloquentie.
677 2924 725 2981 96.
746 2922 863 3016 Iambus
883 2941 941 2980 non
962 2942 1094 3003 saucias

265 3016 408 3075 Romanis
420 3018 580 3076 celebratus
599 3029 652 3091 est,
673 3029 705 3078 ut
724 3001 870 3095 pioiiiitltfi
890 3001 1062 3097 opus'i'liul·

266 3113 385 3172 busdam
398 3115 597 3190 interpositus:
619 3116 702 3191 cujus
723 3117 864 3174 acerbitas
884 3116 913 3174 in
936 3117 1059 3190 Catullo,

222 3276 225 3283 ,
264 3209 417 3283 Bibaculo,
429 3211 575 3270 Horatius
589 3230 751 3287 quanquam
766 3213 807 3270 illi
821 3213 927 3288 epodos
942 3213 1061 3272 interve·

211 3324 215 3336 ·
264 3307 328 3368 aire
347 3308 513 3389 reperiatur.
552 3308 595 3370 At
620 3307 791 3386 Lyricorum
817 3309 894 3370 idem
913 3309 1075 3370 Horatius·
