<?xml version="1.0" encoding="UTF-8"?>
<!DOCTYPE html PUBLIC "-//W3C//DTD XHTML 1.0 Transitional//EN"
    "http://www.w3.org/TR/xhtml1/DTD/xhtml1-transitional.dtd">
<html xmlns="http://www.w3.org/1999/xhtml" xml:lang="en" lang="en">
 <head>
  <title>
</title>
<meta http-equiv="Content-Type" content="text/html;charset=utf-8" />
  <meta name='ocr-system' content='tesseract 3.04.00' />
  <meta name='ocr-capabilities' content='ocr_page ocr_carea ocr_par ocr_line ocrx_word'/>
</head>
<body>
  <div class='ocr_page' id='page_1' title='image "./mfabiiquintilia00dillgoog_0042.png"; bbox 0 0 2675 4009; ppageno 0'>
   <div class='ocr_carea' id='block_1_1' title="bbox 179 566 847 650">
    <p class='ocr_par' dir='ltr' id='par_1_1' title="bbox 179 566 847 650">
     <span class='ocr_line' id='line_1_1' title="bbox 179 566 847 650; baseline -0.007 -21"><span class='ocrx_word' id='word_1_1' title='bbox 179 641 184 650; x_wconf 25' lang='lat'><em>⁶</em></span> <span class='ocrx_word' id='word_1_2' title='bbox 273 566 315 629; x_wconf 77' lang='grc'><strong>36</strong></span> <span class='ocrx_word' id='word_1_3' title='bbox 497 575 533 624; x_wconf 85' lang='lat' dir='ltr'><strong>u.</strong></span> <span class='ocrx_word' id='word_1_4' title='bbox 549 577 620 624; x_wconf 74' lang='lat' dir='ltr'><strong>sua.</strong></span> <span class='ocrx_word' id='word_1_5' title='bbox 639 574 847 634; x_wconf 69' lang='lat' dir='ltr'><strong>quinarium</strong></span> 
     </span>
    </p>
   </div>
   <div class='ocr_carea' id='block_1_2' title="bbox 272 725 1077 1392">
    <p class='ocr_par' dir='ltr' id='par_1_2' title="bbox 272 725 1077 1392">
     <span class='ocr_line' id='line_1_2' title="bbox 273 725 1076 804; baseline 0.001 -18"><span class='ocrx_word' id='word_1_6' title='bbox 273 725 364 804; x_wconf 83' lang='lat' dir='ltr'><strong>digna</strong></span> <span class='ocrx_word' id='word_1_7' title='bbox 378 726 498 786; x_wconf 76' lang='lat' dir='ltr'><strong><em>Cassius</em></strong></span> <span class='ocrx_word' id='word_1_8' title='bbox 512 726 655 785; x_wconf 80' lang='lat' dir='ltr'><strong>Severus:</strong></span> <span class='ocrx_word' id='word_1_9' title='bbox 676 727 736 804; x_wconf 92' lang='lat' dir='ltr'><strong>qui,</strong></span> <span class='ocrx_word' id='word_1_10' title='bbox 751 727 776 786; x_wconf 88' lang='lat' dir='ltr'><strong>si</strong></span> <span class='ocrx_word' id='word_1_11' title='bbox 797 725 902 786; x_wconf 84' lang='lat' dir='ltr'><strong>ceteris</strong></span> <span class='ocrx_word' id='word_1_12' title='bbox 916 725 1076 786; x_wconf 68' lang='lat' dir='ltr'><strong>uirtutibus</strong></span> 
     </span>
     <span class='ocr_line' id='line_1_3' title="bbox 274 824 1077 902; baseline 0.002 -20"><span class='ocrx_word' id='word_1_13' title='bbox 274 825 403 883; x_wconf 89' lang='lat' dir='ltr'><strong>colorem</strong></span> <span class='ocrx_word' id='word_1_14' title='bbox 415 835 445 883; x_wconf 90' lang='lat' dir='ltr'><strong>et</strong></span> <span class='ocrx_word' id='word_1_15' title='bbox 457 824 627 902; x_wconf 85' lang='lat' dir='ltr'><strong>gravitatem</strong></span> <span class='ocrx_word' id='word_1_16' title='bbox 641 825 780 884; x_wconf 88' lang='lat' dir='ltr'><strong>orationis</strong></span> <span class='ocrx_word' id='word_1_17' title='bbox 795 825 955 901; x_wconf 85' lang='lat' dir='ltr'><strong>adjecisset,</strong></span> <span class='ocrx_word' id='word_1_18' title='bbox 968 844 1077 902; x_wconf 84' lang='lat' dir='ltr'><strong>ponen-</strong></span> 
     </span>
     <span class='ocr_line' id='line_1_4' title="bbox 275 922 1076 1001; baseline 0.002 -21"><span class='ocrx_word' id='word_1_19' title='bbox 275 923 329 980; x_wconf 87' lang='lat' dir='ltr'><strong>dus</strong></span> <span class='ocrx_word' id='word_1_20' title='bbox 350 923 423 980; x_wconf 86' lang='lat' dir='ltr'><strong>inter</strong></span> <span class='ocrx_word' id='word_1_21' title='bbox 443 922 605 998; x_wconf 83' lang='lat' dir='ltr'><strong>praecipuos</strong></span> <span class='ocrx_word' id='word_1_22' title='bbox 618 923 699 982; x_wconf 85' lang='lat' dir='ltr'><strong>foret.</strong></span> <span class='ocrx_word' id='word_1_23' title='bbox 744 924 808 981; x_wconf 85' lang='grc'><strong>117.</strong></span> <span class='ocrx_word' id='word_1_24' title='bbox 830 923 908 982; x_wconf 86' lang='lat' dir='ltr'><strong>Nam</strong></span> <span class='ocrx_word' id='word_1_25' title='bbox 923 933 952 980; x_wconf 90' lang='lat' dir='ltr'><strong>et</strong></span> <span class='ocrx_word' id='word_1_26' title='bbox 966 923 1076 1001; x_wconf 72' lang='lat' dir='ltr'><strong>ingentii</strong></span> 
     </span>
     <span class='ocr_line' id='line_1_5' title="bbox 273 1019 1077 1096; baseline 0.001 -21"><span class='ocrx_word' id='word_1_27' title='bbox 273 1020 430 1096; x_wconf 89' lang='lat' dir='ltr'><strong>plurimum</strong></span> <span class='ocrx_word' id='word_1_28' title='bbox 444 1029 487 1076; x_wconf 87' lang='lat' dir='ltr'><strong>est</strong></span> <span class='ocrx_word' id='word_1_29' title='bbox 501 1019 531 1076; x_wconf 91' lang='lat' dir='ltr'><strong>in</strong></span> <span class='ocrx_word' id='word_1_30' title='bbox 545 1038 590 1092; x_wconf 88' lang='lat' dir='ltr'><strong>eo,</strong></span> <span class='ocrx_word' id='word_1_31' title='bbox 605 1021 790 1078; x_wconf 75' lang='lat' dir='ltr'><strong>stt-acerbitas</strong></span> <span class='ocrx_word' id='word_1_32' title='bbox 810 1021 898 1092; x_wconf 87' lang='lat' dir='ltr'><strong>mira;</strong></span> <span class='ocrx_word' id='word_1_33' title='bbox 920 1030 949 1078; x_wconf 85' lang='lat' dir='ltr'><strong>et</strong></span> <span class='ocrx_word' id='word_1_34' title='bbox 963 1019 1077 1078; x_wconf 87' lang='lat' dir='ltr'><strong>urbani·</strong></span> 
     </span>
     <span class='ocr_line' id='line_1_6' title="bbox 273 1119 1077 1196; baseline 0.004 -21"><span class='ocrx_word' id='word_1_35' title='bbox 273 1129 318 1175; x_wconf 87' lang='lat' dir='ltr'><strong>tas</strong></span> <span class='ocrx_word' id='word_1_36' title='bbox 337 1119 400 1195; x_wconf 87' lang='lat' dir='ltr'><strong>ejus</strong></span> <span class='ocrx_word' id='word_1_37' title='bbox 419 1137 549 1176; x_wconf 90' lang='lat' dir='ltr'><strong>summa:</strong></span> <span class='ocrx_word' id='word_1_38' title='bbox 571 1119 623 1177; x_wconf 87' lang='lat' dir='ltr'><strong>aed</strong></span> <span class='ocrx_word' id='word_1_39' title='bbox 641 1120 707 1196; x_wconf 82' lang='lat' dir='ltr'><strong>plus</strong></span> <span class='ocrx_word' id='word_1_40' title='bbox 728 1121 887 1194; x_wconf 83' lang='lat' dir='ltr'><strong>stomacho,</strong></span> <span class='ocrx_word' id='word_1_41' title='bbox 902 1139 988 1196; x_wconf 87' lang='lat' dir='ltr'><strong>quam</strong></span> <span class='ocrx_word' id='word_1_42' title='bbox 1008 1138 1077 1178; x_wconf 87' lang='lat' dir='ltr'><strong>cou-</strong></span> 
     </span>
     <span class='ocr_line' id='line_1_7' title="bbox 273 1215 1077 1292; baseline 0.002 -20"><span class='ocrx_word' id='word_1_43' title='bbox 273 1215 339 1272; x_wconf 87' lang='lat' dir='ltr'><strong>silio</strong></span> <span class='ocrx_word' id='word_1_44' title='bbox 353 1215 440 1274; x_wconf 86' lang='lat' dir='ltr'>dedit.</span> <span class='ocrx_word' id='word_1_45' title='bbox 483 1216 626 1276; x_wconf 84' lang='lat' dir='ltr'><strong>Praeterea</strong></span> <span class='ocrx_word' id='word_1_46' title='bbox 639 1228 671 1276; x_wconf 86' lang='lat' dir='ltr'><strong>ut</strong></span> <span class='ocrx_word' id='word_1_47' title='bbox 686 1219 774 1276; x_wconf 87' lang='lat' dir='ltr'><strong>amari</strong></span> <span class='ocrx_word' id='word_1_48' title='bbox 788 1219 871 1290; x_wconf 84' lang='lat' dir='ltr'><strong>sales,</strong></span> <span class='ocrx_word' id='word_1_49' title='bbox 887 1219 926 1276; x_wconf 88' lang='lat' dir='ltr'><strong>ita</strong></span> <span class='ocrx_word' id='word_1_50' title='bbox 947 1219 1077 1292; x_wconf 81' lang='lat' dir='ltr'><strong>frequen·</strong></span> 
     </span>
     <span class='ocr_line' id='line_1_8' title="bbox 272 1314 1076 1392; baseline 0.002 -22"><span class='ocrx_word' id='word_1_51' title='bbox 272 1322 316 1370; x_wconf 88' lang='lat' dir='ltr'><strong>ter</strong></span> <span class='ocrx_word' id='word_1_52' title='bbox 338 1314 499 1372; x_wconf 82' lang='lat' dir='ltr'>amaritudo</span> <span class='ocrx_word' id='word_1_53' title='bbox 519 1315 581 1392; x_wconf 89' lang='lat' dir='ltr'><strong>ipsa</strong></span> <span class='ocrx_word' id='word_1_54' title='bbox 601 1315 723 1374; x_wconf 88' lang='lat' dir='ltr'><strong>ridicula</strong></span> <span class='ocrx_word' id='word_1_55' title='bbox 743 1326 794 1374; x_wconf 88' lang='lat' dir='ltr'><strong>est.</strong></span> <span class='ocrx_word' id='word_1_56' title='bbox 838 1317 902 1374; x_wconf 79' lang='grc'><strong>118.</strong></span> <span class='ocrx_word' id='word_1_57' title='bbox 925 1317 1000 1374; x_wconf 87' lang='lat' dir='ltr'><strong>Sunt</strong></span> <span class='ocrx_word' id='word_1_58' title='bbox 1028 1314 1076 1372; x_wconf 88' lang='lat' dir='ltr'><strong>alii</strong></span> 
     </span>
    </p>
   </div>
   <div class='ocr_carea' id='block_1_3' title="bbox 180 1403 1076 1489">
    <p class='ocr_par' dir='ltr' id='par_1_3' title="bbox 180 1403 1076 1489">
     <span class='ocr_line' id='line_1_9' title="bbox 180 1403 1076 1489; baseline 0 -21"><span class='ocrx_word' id='word_1_59' title='bbox 180 1445 188 1462; x_wconf 62' lang='lat' dir='ltr'><em>s</em></span> <span class='ocrx_word' id='word_1_60' title='bbox 273 1411 357 1469; x_wconf 89' lang='lat' dir='ltr'><strong>multi</strong></span> <span class='ocrx_word' id='word_1_61' title='bbox 372 1411 481 1484; x_wconf 82' lang='lat' dir='ltr'><strong>diserti,</strong></span> <span class='ocrx_word' id='word_1_62' title='bbox 496 1430 569 1486; x_wconf 88' lang='lat' dir='ltr'><strong>quos</strong></span> <span class='ocrx_word' id='word_1_63' title='bbox 581 1413 716 1489; x_wconf 84' lang='lat' dir='ltr'><strong>persequi</strong></span> <span class='ocrx_word' id='word_1_64' title='bbox 729 1403 848 1488; x_wconf 85' lang='lat' dir='ltr'><strong>longum</strong></span> <span class='ocrx_word' id='word_1_65' title='bbox 864 1422 914 1469; x_wconf 87' lang='lat' dir='ltr'><strong>est.</strong></span> <span class='ocrx_word' id='word_1_66' title='bbox 956 1411 1076 1482; x_wconf 86' lang='lat' dir='ltr'><strong>Eorum,</strong></span> 
     </span>
    </p>
   </div>
   <div class='ocr_carea' id='block_1_4' title="bbox 272 1506 1078 2171">
    <p class='ocr_par' dir='ltr' id='par_1_4' title="bbox 272 1506 1078 2171">
     <span class='ocr_line' id='line_1_10' title="bbox 274 1506 1076 1586; baseline -0.002 -20"><span class='ocrx_word' id='word_1_67' title='bbox 274 1527 346 1586; x_wconf 92' lang='lat' dir='ltr'><strong>quos</strong></span> <span class='ocrx_word' id='word_1_68' title='bbox 359 1509 490 1582; x_wconf 87' lang='lat' dir='ltr'><strong>viderim,</strong></span> <span class='ocrx_word' id='word_1_69' title='bbox 504 1508 652 1566; x_wconf 79' lang='lat' dir='ltr'><strong><em>Domitius</em></strong></span> <span class='ocrx_word' id='word_1_70' title='bbox 661 1506 748 1584; x_wconf 84' lang='lat' dir='ltr'><strong>Afer,</strong></span> <span class='ocrx_word' id='word_1_71' title='bbox 758 1518 786 1566; x_wconf 85' lang='lat' dir='ltr'><strong>et</strong></span> <span class='ocrx_word' id='word_1_72' title='bbox 793 1507 891 1564; x_wconf 76' lang='lat' dir='ltr'><strong>Julius</strong></span> <span class='ocrx_word' id='word_1_73' title='bbox 903 1506 1076 1582; x_wconf 74' lang='lat' dir='ltr'><strong>Africanus,</strong></span> 
     </span>
     <span class='ocr_line' id='line_1_11' title="bbox 272 1603 1077 1683; baseline -0.001 -20"><span class='ocrx_word' id='word_1_74' title='bbox 272 1605 360 1683; x_wconf 87' lang='lat' dir='ltr'><strong>longe</strong></span> <span class='ocrx_word' id='word_1_75' title='bbox 385 1605 621 1683; x_wconf 72' lang='lat' dir='ltr'><strong>praestantissimi.</strong></span> <span class='ocrx_word' id='word_1_76' title='bbox 662 1606 736 1662; x_wconf 87' lang='lat' dir='ltr'><strong>Arte</strong></span> <span class='ocrx_word' id='word_1_77' title='bbox 757 1603 814 1676; x_wconf 90' lang='lat' dir='ltr'><strong>ille,</strong></span> <span class='ocrx_word' id='word_1_78' title='bbox 836 1615 865 1662; x_wconf 91' lang='lat' dir='ltr'><strong>et</strong></span> <span class='ocrx_word' id='word_1_79' title='bbox 885 1615 946 1662; x_wconf 90' lang='lat' dir='ltr'><strong>toto</strong></span> <span class='ocrx_word' id='word_1_80' title='bbox 971 1621 1077 1680; x_wconf 84' lang='lat' dir='ltr'><strong>genero</strong></span> 
     </span>
     <span class='ocr_line' id='line_1_12' title="bbox 273 1703 1077 1782; baseline -0.001 -21"><span class='ocrx_word' id='word_1_81' title='bbox 273 1704 390 1762; x_wconf 86' lang='lat' dir='ltr'><strong>dicendi</strong></span> <span class='ocrx_word' id='word_1_82' title='bbox 403 1705 608 1782; x_wconf 72' lang='lat' dir='ltr'><strong>praeferendas,</strong></span> <span class='ocrx_word' id='word_1_83' title='bbox 622 1714 652 1762; x_wconf 88' lang='lat' dir='ltr'><strong>et</strong></span> <span class='ocrx_word' id='word_1_84' title='bbox 665 1721 751 1779; x_wconf 88' lang='lat' dir='ltr'><strong>quem</strong></span> <span class='ocrx_word' id='word_1_85' title='bbox 766 1703 796 1760; x_wconf 91' lang='lat' dir='ltr'><strong>in</strong></span> <span class='ocrx_word' id='word_1_86' title='bbox 809 1721 930 1762; x_wconf 86' lang='lat' dir='ltr'><strong>nurnero</strong></span> <span class='ocrx_word' id='word_1_87' title='bbox 949 1713 1077 1760; x_wconf 83' lang='lat' dir='ltr'><strong>veterum</strong></span> 
     </span>
     <span class='ocr_line' id='line_1_13' title="bbox 273 1799 1077 1873; baseline -0.002 -13"><span class='ocrx_word' id='word_1_88' title='bbox 273 1801 370 1860; x_wconf 87' lang='lat' dir='ltr'><strong>locare</strong></span> <span class='ocrx_word' id='word_1_89' title='bbox 389 1821 449 1860; x_wconf 91' lang='lat' dir='ltr'><strong>non</strong></span> <span class='ocrx_word' id='word_1_90' title='bbox 469 1802 585 1860; x_wconf 86' lang='lat' dir='ltr'><strong>timeas:</strong></span> <span class='ocrx_word' id='word_1_91' title='bbox 613 1801 662 1858; x_wconf 85' lang='lat' dir='ltr'><strong>hic</strong></span> <span class='ocrx_word' id='word_1_92' title='bbox 684 1799 864 1873; x_wconf 78' lang='lat' dir='ltr'><strong>concitatior,</strong></span> <span class='ocrx_word' id='word_1_93' title='bbox 884 1800 935 1858; x_wconf 85' lang='lat' dir='ltr'><strong>sed</strong></span> <span class='ocrx_word' id='word_1_94' title='bbox 957 1799 987 1857; x_wconf 87' lang='lat' dir='ltr'><strong>in</strong></span> <span class='ocrx_word' id='word_1_95' title='bbox 1007 1817 1077 1858; x_wconf 81' lang='lat' dir='ltr'><strong>curu</strong></span> 
     </span>
     <span class='ocr_line' id='line_1_14' title="bbox 273 1897 1077 1974; baseline -0.002 -18"><span class='ocrx_word' id='word_1_96' title='bbox 273 1900 426 1956; x_wconf 86' lang='lat' dir='ltr'><strong>verborum</strong></span> <span class='ocrx_word' id='word_1_97' title='bbox 452 1899 569 1970; x_wconf 86' lang='lat' dir='ltr'><strong>nimius,</strong></span> <span class='ocrx_word' id='word_1_98' title='bbox 590 1908 619 1956; x_wconf 87' lang='lat' dir='ltr'><strong>et</strong></span> <span class='ocrx_word' id='word_1_99' title='bbox 641 1897 850 1974; x_wconf 78' lang='lat' dir='ltr'><strong>compositione</strong></span> <span class='ocrx_word' id='word_1_100' title='bbox 870 1913 1077 1972; x_wconf 82' lang='lat' dir='ltr'><strong>nonnunquam</strong></span> 
     </span>
     <span class='ocr_line' id='line_1_15' title="bbox 272 1992 1078 2073; baseline -0.001 -20"><span class='ocrx_word' id='word_1_101' title='bbox 272 1996 396 2073; x_wconf 81' lang='lat' dir='ltr'><strong>longior,</strong></span> <span class='ocrx_word' id='word_1_102' title='bbox 405 2006 435 2054; x_wconf 88' lang='lat' dir='ltr'><strong>et</strong></span> <span class='ocrx_word' id='word_1_103' title='bbox 444 1995 679 2054; x_wconf 77' lang='lat' dir='ltr'><strong>translationibus</strong></span> <span class='ocrx_word' id='word_1_104' title='bbox 691 2013 792 2072; x_wconf 87' lang='lat' dir='ltr'><strong>parurn</strong></span> <span class='ocrx_word' id='word_1_105' title='bbox 804 1994 943 2053; x_wconf 86' lang='lat' dir='ltr'><strong>modicus.</strong></span> <span class='ocrx_word' id='word_1_106' title='bbox 985 1992 1078 2052; x_wconf 87' lang='lat' dir='ltr'><strong>Erant</strong></span> 
     </span>
     <span class='ocr_line' id='line_1_16' title="bbox 274 2091 1077 2171; baseline -0.005 -19"><span class='ocrx_word' id='word_1_107' title='bbox 274 2093 352 2152; x_wconf 88' lang='lat' dir='ltr'><strong>clara</strong></span> <span class='ocrx_word' id='word_1_108' title='bbox 365 2103 394 2151; x_wconf 86' lang='lat' dir='ltr'><strong>et</strong></span> <span class='ocrx_word' id='word_1_109' title='bbox 408 2112 499 2171; x_wconf 87' lang='lat' dir='ltr'><strong>nuper</strong></span> <span class='ocrx_word' id='word_1_110' title='bbox 514 2091 649 2171; x_wconf 74' lang='lat' dir='ltr'><strong>ingenia]</strong></span> <span class='ocrx_word' id='word_1_111' title='bbox 653 2094 747 2157; x_wconf 55' lang='lat'>4119.</span> <span class='ocrx_word' id='word_1_112' title='bbox 769 2093 847 2150; x_wconf 90' lang='lat' dir='ltr'><strong>Nam</strong></span> <span class='ocrx_word' id='word_1_113' title='bbox 867 2102 897 2152; x_wconf 87' lang='lat' dir='ltr'><strong>et</strong></span> <span class='ocrx_word' id='word_1_114' title='bbox 915 2091 1077 2150; x_wconf 76' lang='lat' dir='ltr'><strong>Trachalus</strong></span> 
     </span>
    </p>
   </div>
   <div class='ocr_carea' id='block_1_5' title="bbox 178 2190 1188 2365">
    <p class='ocr_par' dir='ltr' id='par_1_5' title="bbox 178 2190 1188 2365">
     <span class='ocr_line' id='line_1_17' title="bbox 273 2190 1188 2269; baseline -0.004 -20"><span class='ocrx_word' id='word_1_115' title='bbox 273 2192 443 2269; x_wconf 88' lang='lat' dir='ltr'><strong>plerumque</strong></span> <span class='ocrx_word' id='word_1_116' title='bbox 456 2191 597 2263; x_wconf 83' lang='lat' dir='ltr'><strong>sublimis,</strong></span> <span class='ocrx_word' id='word_1_117' title='bbox 612 2202 642 2250; x_wconf 87' lang='lat' dir='ltr'><strong>et</strong></span> <span class='ocrx_word' id='word_1_118' title='bbox 654 2191 725 2249; x_wconf 87' lang='lat' dir='ltr'><strong>satis</strong></span> <span class='ocrx_word' id='word_1_119' title='bbox 739 2202 854 2268; x_wconf 89' lang='lat' dir='ltr'><strong>apertus</strong></span> <span class='ocrx_word' id='word_1_120' title='bbox 868 2190 931 2262; x_wconf 83' lang='lat' dir='ltr'><strong>tuit,</strong></span> <span class='ocrx_word' id='word_1_121' title='bbox 947 2199 976 2247; x_wconf 87' lang='lat' dir='ltr'><strong>et</strong></span> <span class='ocrx_word' id='word_1_122' title='bbox 990 2207 1076 2264; x_wconf 84' lang='lat' dir='ltr'><strong>quern</strong></span> <span class='ocrx_word' id='word_1_123' title='bbox 1185 2195 1188 2200; x_wconf 90' lang='lat'>&#39;</span> 
     </span>
     <span class='ocr_line' id='line_1_18' title="bbox 178 2286 1075 2365; baseline -0.006 -18"><span class='ocrx_word' id='word_1_124' title='bbox 178 2311 181 2317; x_wconf 94' lang='lat'>·</span> <span class='ocrx_word' id='word_1_125' title='bbox 273 2289 346 2348; x_wconf 80' lang='lat' dir='ltr'><strong>velle</strong></span> <span class='ocrx_word' id='word_1_126' title='bbox 379 2289 487 2365; x_wconf 89' lang='lat' dir='ltr'><strong>optima</strong></span> <span class='ocrx_word' id='word_1_127' title='bbox 520 2289 669 2346; x_wconf 85' lang='lat' dir='ltr'><strong>crederes:</strong></span> <span class='ocrx_word' id='word_1_128' title='bbox 706 2288 820 2346; x_wconf 85' lang='lat' dir='ltr'><strong>auditus</strong></span> <span class='ocrx_word' id='word_1_129' title='bbox 847 2297 943 2344; x_wconf 87' lang='lat' dir='ltr'><strong>tamen</strong></span> <span class='ocrx_word' id='word_1_130' title='bbox 976 2286 1075 2360; x_wconf 74' lang='lat' dir='ltr'><strong>major·</strong></span> 
     </span>
    </p>
   </div>
   <div class='ocr_carea' id='block_1_6' title="bbox 273 2380 1076 3239">
    <p class='ocr_par' dir='ltr' id='par_1_6' title="bbox 273 2380 1076 3239">
     <span class='ocr_line' id='line_1_19' title="bbox 273 2380 1075 2459; baseline -0.009 -16"><span class='ocrx_word' id='word_1_131' title='bbox 273 2385 352 2444; x_wconf 89' lang='lat' dir='ltr'><strong>Nam</strong></span> <span class='ocrx_word' id='word_1_132' title='bbox 366 2395 395 2443; x_wconf 86' lang='lat' dir='ltr'><strong>et</strong></span> <span class='ocrx_word' id='word_1_133' title='bbox 408 2385 497 2456; x_wconf 84' lang='lat' dir='ltr'><strong>vocis,</strong></span> <span class='ocrx_word' id='word_1_134' title='bbox 510 2395 646 2459; x_wconf 87' lang='lat' dir='ltr'><strong>quantam</strong></span> <span class='ocrx_word' id='word_1_135' title='bbox 660 2385 690 2441; x_wconf 88' lang='lat' dir='ltr'><strong>in</strong></span> <span class='ocrx_word' id='word_1_136' title='bbox 704 2384 785 2440; x_wconf 89' lang='lat' dir='ltr'><strong>nullo</strong></span> <span class='ocrx_word' id='word_1_137' title='bbox 796 2381 929 2458; x_wconf 83' lang='lat' dir='ltr'><strong>cognovi,</strong></span> <span class='ocrx_word' id='word_1_138' title='bbox 942 2380 1075 2452; x_wconf 81' lang='lat' dir='ltr'><strong>felicitas,</strong></span> 
     </span>
     <span class='ocr_line' id='line_1_20' title="bbox 274 2475 1075 2558; baseline -0.009 -17"><span class='ocrx_word' id='word_1_139' title='bbox 274 2491 303 2541; x_wconf 87' lang='lat' dir='ltr'><strong>et</strong></span> <span class='ocrx_word' id='word_1_140' title='bbox 328 2482 525 2558; x_wconf 89' lang='lat' dir='ltr'><strong>pronuntiatio</strong></span> <span class='ocrx_word' id='word_1_141' title='bbox 551 2481 596 2539; x_wconf 86' lang='lat' dir='ltr'><strong>vel</strong></span> <span class='ocrx_word' id='word_1_142' title='bbox 623 2479 719 2539; x_wconf 85' lang='lat' dir='ltr'><strong>scenis</strong></span> <span class='ocrx_word' id='word_1_143' title='bbox 744 2479 909 2548; x_wconf 86' lang='lat' dir='ltr'><strong>suffectura,</strong></span> <span class='ocrx_word' id='word_1_144' title='bbox 929 2487 958 2534; x_wconf 86' lang='lat' dir='ltr'><strong>et</strong></span> <span class='ocrx_word' id='word_1_145' title='bbox 978 2475 1075 2549; x_wconf 86' lang='lat' dir='ltr'><strong>decor,</strong></span> 
     </span>
     <span class='ocr_line' id='line_1_21' title="bbox 274 2573 1074 2655; baseline -0.01 -17"><span class='ocrx_word' id='word_1_146' title='bbox 274 2581 372 2638; x_wconf 89' lang='lat' dir='ltr'><strong>omnia</strong></span> <span class='ocrx_word' id='word_1_147' title='bbox 392 2579 518 2655; x_wconf 87' lang='lat' dir='ltr'><strong>denique</strong></span> <span class='ocrx_word' id='word_1_148' title='bbox 537 2578 575 2650; x_wconf 91' lang='lat' dir='ltr'><strong>ei,</strong></span> <span class='ocrx_word' id='word_1_149' title='bbox 589 2597 653 2654; x_wconf 75' lang='lat' dir='ltr'><strong>qua</strong></span> <span class='ocrx_word' id='word_1_150' title='bbox 674 2585 741 2635; x_wconf 90' lang='lat' dir='ltr'><strong>suut</strong></span> <span class='ocrx_word' id='word_1_151' title='bbox 761 2586 850 2647; x_wconf 82' lang='lat' dir='ltr'><strong>extra,</strong></span> <span class='ocrx_word' id='word_1_152' title='bbox 864 2573 1074 2651; x_wconf 82' lang='lat' dir='ltr'><strong>superfuerunt</strong></span> 
     </span>
     <span class='ocr_line' id='line_1_22' title="bbox 273 2670 1076 2752; baseline -0.011 -16"><span class='ocrx_word' id='word_1_153' title='bbox 273 2677 313 2736; x_wconf 87' lang='lat' dir='ltr'><strong>Et</strong></span> <span class='ocrx_word' id='word_1_154' title='bbox 333 2677 433 2736; x_wconf 82' lang='lat' dir='ltr'><strong>Vibius</strong></span> <span class='ocrx_word' id='word_1_155' title='bbox 456 2675 589 2752; x_wconf 80' lang='lat' dir='ltr'><strong>Crispus,</strong></span> <span class='ocrx_word' id='word_1_156' title='bbox 611 2673 799 2750; x_wconf 85' lang='lat' dir='ltr'><strong>compositus,</strong></span> <span class='ocrx_word' id='word_1_157' title='bbox 820 2681 849 2730; x_wconf 91' lang='lat' dir='ltr'><strong>et</strong></span> <span class='ocrx_word' id='word_1_158' title='bbox 867 2670 1024 2748; x_wconf 80' lang='lat' dir='ltr'><strong>jucundus,</strong></span> <span class='ocrx_word' id='word_1_159' title='bbox 1047 2679 1076 2728; x_wconf 87' lang='lat' dir='ltr'><strong>et</strong></span> 
     </span>
     <span class='ocr_line' id='line_1_23' title="bbox 274 2767 1075 2848; baseline -0.009 -15"><span class='ocrx_word' id='word_1_160' title='bbox 274 2773 460 2834; x_wconf 87' lang='lat' dir='ltr'><strong>delectationi</strong></span> <span class='ocrx_word' id='word_1_161' title='bbox 486 2783 587 2831; x_wconf 87' lang='lat' dir='ltr'><strong>natus:</strong></span> <span class='ocrx_word' id='word_1_162' title='bbox 614 2771 732 2848; x_wconf 84' lang='lat' dir='ltr'><strong>privatis</strong></span> <span class='ocrx_word' id='word_1_163' title='bbox 757 2780 853 2828; x_wconf 86' lang='lat' dir='ltr'><strong>tamen</strong></span> <span class='ocrx_word' id='word_1_164' title='bbox 874 2767 970 2826; x_wconf 88' lang='lat' dir='ltr'><strong>causis</strong></span> <span class='ocrx_word' id='word_1_165' title='bbox 990 2785 1075 2843; x_wconf 83' lang='lat' dir='ltr'><strong>quant</strong></span> 
     </span>
     <span class='ocr_line' id='line_1_24' title="bbox 273 2848 1075 2950; baseline -0.007 -20"><span class='ocrx_word' id='word_1_166' title='bbox 273 2872 399 2950; x_wconf 89' lang='lat' dir='ltr'><strong>publicis</strong></span> <span class='ocrx_word' id='word_1_167' title='bbox 419 2871 530 2929; x_wconf 90' lang='lat' dir='ltr'><strong>melior.</strong></span> <span class='ocrx_word' id='word_1_168' title='bbox 572 2870 637 2928; x_wconf 75' lang='lat'>120.</span> <span class='ocrx_word' id='word_1_169' title='bbox 657 2848 739 2926; x_wconf 79' lang='lat' dir='ltr'><strong>Julio</strong></span> <span class='ocrx_word' id='word_1_170' title='bbox 759 2865 888 2925; x_wconf 76' lang='lat' dir='ltr'><strong>Suuudo</strong></span> <span class='ocrx_word' id='word_1_171' title='bbox 911 2865 937 2923; x_wconf 86' lang='lat' dir='ltr'><strong>si</strong></span> <span class='ocrx_word' id='word_1_172' title='bbox 963 2863 1075 2942; x_wconf 79' lang='lat' dir='ltr'><strong>longior</strong></span> 
     </span>
     <span class='ocr_line' id='line_1_25' title="bbox 274 2962 1074 3046; baseline -0.009 -19"><span class='ocrx_word' id='word_1_173' title='bbox 274 2968 444 3046; x_wconf 81' lang='lat' dir='ltr'><strong>contigisset</strong></span> <span class='ocrx_word' id='word_1_174' title='bbox 476 2978 555 3040; x_wconf 81' lang='lat' dir='ltr'><strong>aetas,</strong></span> <span class='ocrx_word' id='word_1_175' title='bbox 582 2965 774 3025; x_wconf 84' lang='lat' dir='ltr'><strong>clarissimum</strong></span> <span class='ocrx_word' id='word_1_176' title='bbox 806 2962 936 3040; x_wconf 80' lang='lat' dir='ltr'><strong>prosecta</strong></span> <span class='ocrx_word' id='word_1_177' title='bbox 967 2978 1074 3020; x_wconf 84' lang='lat' dir='ltr'><strong>nomen</strong></span> 
     </span>
     <span class='ocr_line' id='line_1_26' title="bbox 274 3059 1073 3142; baseline -0.006 -19"><span class='ocrx_word' id='word_1_178' title='bbox 274 3065 395 3124; x_wconf 86' lang='lat' dir='ltr'><strong>oratoris</strong></span> <span class='ocrx_word' id='word_1_179' title='bbox 422 3065 499 3142; x_wconf 88' lang='lat' dir='ltr'><strong>apud</strong></span> <span class='ocrx_word' id='word_1_180' title='bbox 523 3074 652 3142; x_wconf 86' lang='lat' dir='ltr'><strong>posteros</strong></span> <span class='ocrx_word' id='word_1_181' title='bbox 679 3063 759 3122; x_wconf 87' lang='lat' dir='ltr'><strong>foret.</strong></span> <span class='ocrx_word' id='word_1_182' title='bbox 801 3060 965 3137; x_wconf 78' lang='lat' dir='ltr'><strong>Adjecisset</strong></span> <span class='ocrx_word' id='word_1_183' title='bbox 985 3059 1073 3133; x_wconf 72' lang='lat' dir='ltr'><strong>enim,</strong></span> 
     </span>
     <span class='ocr_line' id='line_1_27' title="bbox 275 3156 1075 3239; baseline -0.01 -17"><span class='ocrx_word' id='word_1_184' title='bbox 275 3162 529 3239; x_wconf 80' lang='lat' dir='ltr'><strong>atqueadjiciebat</strong></span> <span class='ocrx_word' id='word_1_185' title='bbox 548 3161 653 3220; x_wconf 84' lang='lat' dir='ltr'><strong>ceteris</strong></span> <span class='ocrx_word' id='word_1_186' title='bbox 672 3159 825 3218; x_wconf 87' lang='lat' dir='ltr'><strong>virtutibus</strong></span> <span class='ocrx_word' id='word_1_187' title='bbox 845 3157 914 3228; x_wconf 88' lang='lat' dir='ltr'><strong>auis,</strong></span> <span class='ocrx_word' id='word_1_188' title='bbox 929 3157 1006 3232; x_wconf 92' lang='lat' dir='ltr'><strong>quod</strong></span> <span class='ocrx_word' id='word_1_189' title='bbox 1027 3156 1075 3214; x_wconf 83' lang='lat' dir='ltr'><strong>de·</strong></span> 
     </span>
    </p>
   </div>
   <div class='ocr_carea' id='block_1_7' title="bbox 274 3251 1196 3450">
    <p class='ocr_par' dir='ltr' id='par_1_7' title="bbox 274 3251 1196 3450">
     <span class='ocr_line' id='line_1_28' title="bbox 274 3251 1196 3338; baseline -0.013 -18"><span class='ocrx_word' id='word_1_190' title='bbox 274 3260 395 3320; x_wconf 88' lang='lat' dir='ltr'><strong>siderari</strong></span> <span class='ocrx_word' id='word_1_191' title='bbox 418 3269 520 3337; x_wconf 87' lang='lat' dir='ltr'><strong>potest.</strong></span> <span class='ocrx_word' id='word_1_192' title='bbox 561 3259 597 3318; x_wconf 93' lang='lat' dir='ltr'><strong>Id</strong></span> <span class='ocrx_word' id='word_1_193' title='bbox 622 3267 666 3317; x_wconf 82' lang='lat' dir='ltr'><strong>est</strong></span> <span class='ocrx_word' id='word_1_194' title='bbox 693 3267 799 3330; x_wconf 70' lang='lat' dir='ltr'><strong>auum,</strong></span> <span class='ocrx_word' id='word_1_195' title='bbox 825 3265 857 3314; x_wconf 92' lang='lat' dir='ltr'><strong>nt</strong></span> <span class='ocrx_word' id='word_1_196' title='bbox 883 3265 959 3314; x_wconf 84' lang='lat' dir='ltr'><strong>asset</strong></span> <span class='ocrx_word' id='word_1_197' title='bbox 984 3251 1074 3311; x_wconf 87' lang='lat' dir='ltr'><strong>multo</strong></span> <span class='ocrx_word' id='word_1_198' title='bbox 1195 3297 1196 3338; x_wconf 21' lang='grc' dir='ltr'>ᾗ</span> 
     </span>
     <span class='ocr_line' id='line_1_29' title="bbox 274 3347 1196 3450; baseline -0.012 -34"><span class='ocrx_word' id='word_1_199' title='bbox 274 3358 368 3438; x_wconf 78' lang='lat' dir='ltr'><strong>magis</strong></span> <span class='ocrx_word' id='word_1_200' title='bbox 392 3375 519 3438; x_wconf 70' lang='lat' dir='ltr'><strong>pugnax,</strong></span> <span class='ocrx_word' id='word_1_201' title='bbox 546 3367 576 3418; x_wconf 87' lang='lat' dir='ltr'><strong>at</strong></span> <span class='ocrx_word' id='word_1_202' title='bbox 601 3356 706 3435; x_wconf 66' lang='lat' dir='ltr'><strong>sepius</strong></span> <span class='ocrx_word' id='word_1_203' title='bbox 733 3355 769 3414; x_wconf 84' lang='lat' dir='ltr'><strong>ad</strong></span> <span class='ocrx_word' id='word_1_204' title='bbox 795 3371 895 3414; x_wconf 89' lang='lat' dir='ltr'><strong>curam</strong></span> <span class='ocrx_word' id='word_1_205' title='bbox 921 3367 1017 3411; x_wconf 86' lang='lat' dir='ltr'><strong>rerum</strong></span> <span class='ocrx_word' id='word_1_206' title='bbox 1038 3347 1073 3406; x_wconf 80' lang='lat' dir='ltr'><strong>ab</strong></span> <span class='ocrx_word' id='word_1_207' title='bbox 1153 3425 1155 3429; x_wconf 68' lang='lat'><strong>,</strong></span> <span class='ocrx_word' id='word_1_208' title='bbox 1195 3413 1196 3450; x_wconf 59' lang='lat'><strong>,</strong></span> 
     </span>
    </p>
   </div>
   <div class='ocr_carea' id='block_1_8' title="bbox 0 0 1342 4009">
    <p class='ocr_par' dir='ltr' id='par_1_8' title="bbox 0 0 1342 4009">
     <span class='ocr_line' id='line_1_30' title="bbox 0 0 1342 4009; baseline 0 0"><span class='ocrx_word' id='word_1_209' title='bbox 0 0 1342 4009; x_wconf 95' lang='lat' dir='ltr'><strong> </strong></span> 
     </span>
    </p>
   </div>
  </div>
 </body>
</html>
