2675 4009
428 585 850 636 rusr.ousrou.c1s.xr.e
979 577 1036 636 107

243 748 285 798 est
312 738 470 810 oculorum,
498 755 583 813 quam
611 737 721 794 aurium
747 754 866 794 sensus:
901 735 931 792 in
956 745 1036 810 parte

245 837 338 913 juvari
357 847 460 912 potest,
475 835 561 911 quod,
576 854 642 892 cum
662 835 749 894 semel
771 845 820 892 aut
840 834 883 890 bis
904 834 1035 904 audierit,

243 936 380 994 continuo
394 936 435 992 illi
449 934 613 992 memoriam
625 953 705 1000 suam
714 933 834 1008 experiri
844 933 922 1004 licet,
933 943 1036 990 etcum

242 1031 355 1108 legente
370 1031 550 1092 contendere.
591 1029 668 1088 Nam
689 1040 719 1087 et
738 1030 843 1104 alioqui
865 1029 894 1085 id
914 1028 1037 1086 maxime

244 1127 406 1186 faciendum
420 1138 472 1198 est,
483 1137 513 1184 ut
526 1145 579 1184 nos
592 1126 713 1183 subinde
725 1136 880 1183 tentemus:
895 1125 962 1200 quia
970 1142 1037 1182 con·

242 1225 324 1280 tinua
337 1223 433 1294 lectio,
448 1233 477 1281 et
490 1241 552 1298 quae
566 1222 665 1298 magis,
680 1231 709 1278 et
729 1239 791 1295 quae
812 1221 906 1278 minus
919 1216 1035 1292 haerent,
1076 1250 1080 1254 ·

244 1318 390 1394 equaliter
410 1319 516 1376 transit.
557 1319 604 1376 35.
621 1317 660 1374 >In
687 1315 872 1390 experiendo,
892 1326 1036 1387 teneasne,

244 1425 273 1474 et
287 1415 375 1492 major
390 1415 509 1473 intentio
523 1425 575 1486 est,
590 1425 618 1470 et
631 1413 702 1470 nihil
717 1412 885 1487 supervacui
898 1413 1033 1486 temporis

243 1511 326 1586 perit,
341 1511 506 1586 quostiam,
521 1529 583 1585 quae
604 1521 743 1577 tenemus,
758 1507 847 1583 repeti
867 1507 975 1564 soient:
997 1507 1037 1564 ita

243 1608 313 1679 sola,
341 1627 404 1683 quae
437 1607 613 1676 exciderunt,
646 1613 845 1675 retractantur,
873 1613 905 1660 ut
937 1604 1037 1660 crebra

244 1704 393 1762 iteratione
412 1703 576 1760 firmentur:
605 1715 767 1776 quanquam
786 1701 879 1758 solent
898 1700 954 1758 hoc
973 1700 1035 1776 ipso

243 1801 365 1858 maxime
379 1801 494 1869 herere,
509 1797 584 1873 quod
598 1792 772 1856 exciderunt.
812 1797 887 1854 Illud
908 1797 1036 1854 ediscere

244 1897 282 1954 do
295 1895 502 1968 scribendoque
516 1911 668 1950 commune
682 1904 735 1964 est,
749 1893 862 1967 utrique
881 1893 1035 1967 plurimum

244 1992 375 2050 conferre
401 1990 506 2046 bonam
532 1988 733 2058 valetudinem,
761 1988 903 2064 digestum
929 1989 1035 2059 cibum,

246 2088 370 2146 animum
382 2083 602 2160 cogitationibus
617 2083 679 2140 aliis
691 2084 820 2140 liberum.
860 2084 907 2140 36.
928 2085 1037 2141 Verum

244 2193 273 2240 et
293 2182 322 2238 in
343 2181 465 2254 iisque
486 2179 659 2254 scripsimus,
675 2179 898 2253 compleotendis
917 2179 1036 2236 multum

244 2282 346 2350 valent,
362 2289 390 2338 ct
403 2279 432 2336 in
447 2278 491 2349 iis,
507 2297 569 2353 quae
591 2278 760 2354 cogitamus,
775 2277 955 2338 continendis
974 2295 1037 2354 pro·

243 2397 279 2454 pe
299 2377 365 2434 solor
380 2374 522 2452 (excepta,
537 2394 600 2450 quae
619 2374 816 2450 potentissima
835 2384 888 2444 est,
901 2375 1037 2432 exercita·

243 2474 334 2554 tione)
349 2473 452 2531 divisio
466 2482 494 2530 et
508 2472 675 2548 compositio.
716 2471 745 2528 N
748 2491 793 2528 am
806 2472 855 2546 qui
868 2482 947 2530 recte
966 2473 1037 2530 divi-

243 2571 320 2640 serit,
342 2588 485 2644 nunquam
506 2569 610 2645 poterit
630 2568 660 2626 in
686 2586 781 2626 rerum
807 2568 907 2626 ordine
932 2587 1034 2627 errare

243 2667 290 2724 37.
312 2666 399 2723 Certa
419 2675 485 2722 sunt
511 2666 588 2722 eninr
615 2683 674 2722 non
699 2664 791 2722 solum
817 2664 846 2722 in
874 2665 1037 2740 digerendis

243 2761 457 2836 questionibus,
472 2760 522 2817 sed
543 2761 629 2818 etiam
651 2760 682 2818 in
702 2759 884 2834 exequendis,
906 2759 929 2815 si
951 2759 1036 2816 modo

192 2931 198 2940 .
244 2866 324 2914 recte
349 2856 481 2927 dicimus,
501 2857 592 2932 prima
619 2875 652 2913 ao
679 2856 814 2925 secunda,
835 2865 864 2912 et
883 2854 1035 2932 deinceps:

246 2953 424 3027 coheretqus
451 2952 544 3010 omnis
569 2970 664 3010 rerum
692 2951 843 3027 copulatio,
864 2961 897 3009 ut
915 2951 943 3010 ei
962 2952 1035 3010 nihii

243 3069 339 3125 neque
365 3050 493 3108 subtrahi
513 3050 575 3107 sine
595 3050 746 3108 manifesto
766 3049 922 3121 intellectu,
943 3069 1036 3126 neque

246 3147 334 3208 inseri
346 3147 443 3222 possit.
484 3147 531 3204 38.
553 3146 601 3203 An
615 3165 682 3204 vero
695 3146 826 3205 Scaevola
839 3146 870 3204 in
882 3147 947 3204 lusu
967 3148 1036 3204 duo-

246 3243 340 3302 decim
353 3243 531 3318 scriptorum,
546 3260 612 3298 cum
626 3242 702 3316 prior
722 3242 864 3300 calculum
883 3242 1039 3318 promovis-=

246 3351 298 3415 set,
325 3349 454 3416 essetque
486 3339 587 3410 rictus,
615 3337 684 3398 dum
715 3357 765 3398 rus
789 3340 894 3413 tendit,
916 3338 1037 3415 repetito
