2675 4009
256 529 277 590 8
485 541 826 600 mnanomnmmam

258 697 353 746 autem
367 699 398 747 nt
418 690 543 767 quidque
563 692 708 769 praecipue
728 693 923 752 necessarium
937 703 990 768 est,
1004 693 1048 754 sic

257 785 293 844 ad
320 787 501 845 efficiendum
529 800 669 847 oratorem
698 791 813 848 maximi
840 792 968 868 protinus
994 792 1049 852 erit

256 884 401 942 momenti.
455 883 532 964 llam
559 896 638 944 certe
665 905 732 944 cum
759 887 796 945 sit
822 888 852 945 in
887 888 1047 965 eloquendo

254 979 379 1054 positum
393 981 514 1038 oratoris
533 982 670 1054 officium,
685 983 775 1041 dicare
795 995 860 1042 ante
877 985 974 1044 omnia
988 995 1046 1058 est3

256 1087 341 1150 atque
363 1076 431 1133 hinc
452 1077 565 1136 initium
585 1078 647 1155 ejus
672 1080 740 1137 artis
761 1081 848 1139 fuisse
867 1081 1047 1140 manifestum

255 1183 312 1242 est3
340 1173 501 1248 proximam
521 1175 624 1232 deinde
650 1177 843 1249 incitationem,
865 1177 1048 1236 novissimam

254 1268 395 1326 scribendi
421 1289 534 1346 qnoque
560 1272 748 1347 diligentiam.
795 1274 822 1331 4.
845 1274 904 1331 Sed
930 1284 961 1332 ut
985 1293 1048 1352 per·

254 1361 345 1418 veniri
367 1363 402 1419 ad
426 1383 547 1435 summa,
560 1365 617 1422 nisi
637 1384 673 1424 ex
695 1353 844 1441 principiis
862 1385 919 1422 non
938 1376 1046 1442 potest:

254 1457 294 1515 ita
313 1460 486 1534 procedente
503 1461 562 1536 jam
582 1479 668 1534 opere
683 1461 800 1518 minima
814 1461 955 1537 incipiunt
974 1481 1047 1534 esse,

254 1574 316 1629 quae
342 1557 433 1630 prima
466 1567 539 1612 sunt.
581 1557 690 1614 Verum
723 1575 776 1613 nos
808 1576 876 1629 non,
904 1558 1047 1632 quomodo

254 1650 444 1708 instituendus
468 1662 573 1723 orator,
589 1652 645 1709 hoc
667 1652 734 1709 loco
755 1653 897 1710 dicimus:
928 1673 995 1712 narn
1018 1654 1048 1712 id

254 1746 369 1822 quidem
390 1757 439 1804 aut
459 1748 536 1820 satis,
552 1758 600 1806 aut
621 1759 699 1806 certe
713 1749 754 1806 uti
768 1750 923 1825 potuimus,
938 1750 1048 1810 dictum

163 1843 168 1853 ’
253 1853 315 1900 est:
343 1843 393 1900 sed
421 1844 536 1915 athleta,
557 1844 606 1919 qui
627 1863 726 1902 omnes
744 1845 802 1921 jam
823 1845 1007 1921 perdidicerit
1030 1865 1047 1904 a

251 1949 427 2015 preceptore
453 1959 597 2012 numeros,
622 1960 679 2015 qno
704 1960 809 2018 genere
836 1942 1048 2001 exercitationis

255 2036 289 2093 ad
311 2037 468 2094 certamina
486 2037 687 2114 preparandus
708 2039 752 2095 sit.
794 2038 886 2116 Igitur
908 2058 984 2112 eum,
998 2039 1047 2116 qni

252 2152 298 2192 res
313 2134 440 2192 invenire
460 2146 489 2192 et
509 2135 659 2211 disponere
680 2136 761 2208 sciet,
783 2138 868 2196 verba
888 2155 999 2214 quoque
1019 2145 1048 2194 et

253 2231 378 2308 eligendi
392 2242 420 2288 et
434 2232 596 2289 collocandi
609 2233 749 2290 rationem
763 2234 932 2308 perceperit,
944 2234 1047 2290 instru-

253 2347 334 2385 amus
361 2346 417 2402 qua
443 2327 563 2396 ratione,
591 2328 668 2400 qnod
702 2327 812 2398 didicit,
841 2327 935 2384 facere
962 2345 1047 2402 quam

252 2423 369 2498 optime,
384 2441 469 2497 quam
484 2422 621 2478 facillime
633 2421 731 2496 possit.

291 2521 319 2577 5.
344 2518 424 2575 Num
446 2537 515 2595 ergo
536 2518 654 2574 dubium
675 2528 727 2590 est,
750 2519 819 2594 quin
838 2519 865 2576 ei
886 2519 963 2578 velut
978 2538 1047 2598 opes

253 2616 310 2674 sint
324 2616 453 2691 quaedam
466 2615 609 2691 parandae,
624 2615 728 2690 quibus
749 2616 801 2688 uti,
816 2617 981 2692 ubicunque
1000 2616 1047 2674 de-

253 2716 407 2772 sideratum
422 2715 485 2786 erit,
499 2716 608 2790 possiti
636 2715 687 2774 Eae
702 2726 833 2773 constant
854 2717 936 2792 copia
955 2735 1047 2774 rerum

253 2832 287 2870 oc
301 2813 452 2870 amborum.
492 2813 520 2869 6.
542 2812 600 2870 Sed
615 2831 660 2870 res
680 2813 801 2888 propriae
822 2823 889 2870 sunt
909 2813 1047 2888 cujusque

254 2928 359 2980 cause,
382 2919 431 2966 aut
448 2908 548 2984 paucis
570 2928 757 2967 communes:
777 2910 862 2966 verba
884 2908 913 2966 in
937 2908 1047 2966 unirer·

253 3025 299 3064 sas
312 3005 450 3080 paranda:
462 3005 911 3082 quaesiinrebussingulisessent
924 3004 1046 3082 singula,

254 3102 393 3160 minorem
416 3121 514 3159 curam
538 3103 728 3178 postularent:
759 3121 825 3158 nam
853 3111 958 3160 cuncta
984 3121 1047 3162 sesa

255 3219 322 3258 cum
349 3198 418 3274 ipsis
443 3199 573 3276 protinus
599 3199 685 3256 rebus
712 3199 852 3256 offerrent.
895 3197 953 3256 Sed
980 3215 1045 3254 cnm

254 3296 312 3358 sint
327 3297 389 3389 aliis
404 3296 459 3364 alia
469 3305 521 3403 ppt
534 3294 625 3376 magis
632 3296 758 3375 propria,
770 3306 819 3356 aut
831 3296 923 3378 magis
936 3303 1045 3366 ornata,

499 3423 505 3434 Ι
556 3424 580 3446 'k
606 3396 619 3460 ⁴

579 3452 585 3464 ι
638 3447 644 3463 ἱ

447 3453 645 3495 =*⁴l¹l

1072 1726 1084 1758 Ι
