2675 4009
263 571 302 630 7⁰
483 579 519 626 Μ.
538 580 607 626 aas.
626 577 832 634 nummorum

261 729 409 804 probabile
419 739 498 806 puto,
514 727 620 804 (neque
633 729 710 786 enim
725 729 810 786 habet
831 737 877 785 aut
898 746 981 784 usum
1001 746 1058 800 res,

265 836 313 883 aut
326 825 538 903 necessitatem)
548 844 634 899 quam
647 815 830 882 exhortandis
845 824 874 880 in
886 824 1057 900 hancspem,

263 923 311 997 qui
321 923 382 978 loro
391 931 593 996 preparantur,
602 922 673 978 utile
686 897 938 996 exemplumlstt.
954 920 1057 996 Neque

263 1035 329 1074 vero
338 1028 444 1074 tantam
455 1035 518 1073 esse
527 1035 650 1091 unquam
661 1018 795 1074 fiduciam
806 1017 950 1074 facilitatis
961 1018 1057 1088 velim,

263 1125 364 1173 utnon
385 1113 469 1170 brere
489 1114 587 1171 saltem
608 1125 728 1189 tempus,
744 1113 819 1188 quod
839 1133 978 1189 nusquam
1000 1115 1058 1172 sere

262 1209 361 1280 deerit,
389 1209 425 1266 ad
457 1229 501 1282 ea,
527 1231 591 1287 que
624 1211 729 1268 dicturi
756 1211 853 1282 simus,
882 1210 1059 1287 dispicienda

262 1323 422 1378 sumamus;
444 1308 519 1382 quod
533 1308 647 1383 quidem
661 1308 690 1365 in
708 1307 825 1382 judiciis
840 1327 874 1364 ac
894 1308 956 1365 foro
976 1309 1058 1365 datur

263 1420 381 1478 semper.
423 1403 526 1478 Neque
539 1405 615 1460 enim
630 1404 779 1478 quisquam
793 1413 845 1474 est,
861 1403 909 1477 qui
931 1423 1057 1474 causam,

263 1518 347 1574 quam
372 1517 431 1556 non
464 1500 606 1569 didicerit,
635 1490 810 1574 agatssi'flffl.
845 1499 1059 1556 Declamatores

263 1595 398 1670 quosdam
411 1613 542 1668 perversa
556 1595 636 1650 ducit
651 1595 778 1665 ambitio,
793 1605 824 1650 ut
845 1593 972 1668 exposita
991 1613 1059 1650 con·

262 1690 399 1746 troversia
411 1684 546 1764 protinus
554 1690 650 1747 dicere
664 1691 768 1748 velint:
791 1691 859 1766 quin
874 1690 969 1761 etiam,
982 1691 1058 1765 quod

264 1798 306 1843 est
319 1787 457 1862 imprimis
467 1786 597 1844 frivolum
609 1806 642 1844 ac
651 1788 809 1857 scenicum,
819 1788 935 1845 'verbum
949 1797 1057 1862 petant,

264 1902 320 1958 quo
335 1883 480 1958 incipiant.
522 1884 580 1941 Sed
594 1897 651 1940 tam
666 1885 888 1942 contumeliosos
903 1884 932 1940 in
943 1901 974 1942 se
984 1883 1058 1940 ridet

264 1980 385 2038 invicem
406 1981 583 2056 eloquentia:
611 1992 640 2038 et
659 1981 708 2056 qui
730 1981 824 2038 stultis
844 1981 933 2038 videri
954 1980 1059 2038 eruditi

264 2079 371 2149 volunt,
398 2079 475 2135 stulti
502 2078 620 2136 eruditis
650 2078 823 2155 judicantur.
869 2079 917 2136 22.
946 2078 978 2135 Si
1004 2097 1060 2154 qua

264 2186 359 2232 tamen
374 2175 557 2232 fortunatam
571 2175 694 2232 subitam
718 2175 818 2232 fecerit
839 2175 942 2251 agendi
963 2193 1062 2231 neces·

265 2273 386 2341 sitatem,
407 2272 556 2328 mobiliore
577 2272 698 2345 quodam
720 2289 792 2345 opus
811 2271 865 2326 erit
886 2260 1011 2346 ingenio,
1032 2277 1061 2325 et

264 2367 306 2422 vis
319 2367 412 2422 omnis
425 2367 598 2422 intendenda
611 2367 706 2434 rebus,
717 2375 746 2420 et
759 2366 788 2420 in
802 2365 952 2439 praesentis
966 2363 1061 2420 remit-

264 2462 381 2518 tendum
401 2461 505 2534 aliquid
533 2479 569 2516 ex
595 2479 664 2516 cura
691 2460 850 2528 verborum,
872 2459 895 2515 si
923 2459 1060 2534 consequi

265 2568 415 2631 utrumque
428 2575 485 2612 non
501 2555 621 2612 dabitur.
663 2555 743 2612 Tum
764 2565 792 2611 et
812 2555 918 2612 tardior
937 2575 1061 2632 pronun-

266 2654 352 2713 ciatio
365 2672 458 2710 moras
474 2653 566 2723 habet,
581 2663 609 2709 et
623 2670 760 2727 suspensa
775 2639 808 2708 i'c
829 2652 906 2709 velut
926 2653 1060 2710 dubitans

266 2753 373 2810 oratio:
393 2762 425 2808 ut
438 2761 533 2808 tamen
554 2751 721 2820 deliberare,
736 2745 793 2806 non
814 2750 953 2821 hesitare,
969 2751 1061 2808 videa·

266 2869 337 2906 mur.
377 2848 425 2906 23.
447 2848 524 2918 Hoc,
539 2847 607 2903 dum
627 2847 789 2923 egredimur
809 2865 826 2904 e
846 2859 940 2922 portu,
962 2847 985 2904 si
1007 2867 1059 2905 nos

266 2947 392 3005 nondum
420 2946 520 3022 aptatis
545 2946 613 3003 satis
641 2946 822 3002 armamentis
850 2957 914 3022 aget
940 2957 1059 3003 ventus:

267 3044 370 3101 deinde
389 3044 523 3118 paulatim
545 3043 628 3100 simul
649 3053 749 3099 euntes
770 3043 927 3118 aptabimus
947 3044 1018 3113 vela,
1033 3053 1061 3100 et

267 3140 448 3216 disponemus
461 3140 605 3210 rudentes,
620 3149 648 3195 et
662 3139 772 3214 impleri
793 3139 873 3195 sinus
892 3139 1060 3214 optabimus.

267 3237 302 3294 Id
315 3236 420 3312 potius,
435 3255 519 3310 quam
533 3254 564 3293 se
578 3236 657 3292 inani
672 3236 821 3293 verborum
842 3241 961 3292 torrenti
982 3236 1060 3306 darc,

269 3334 348 3410 quasi
361 3332 583 3410 tempestatibus,
597 3351 654 3408 quo
667 3333 773 3404 volent,
789 3332 979 3390 auferendum.
