2675 4009
448 605 531 654 nasu.
550 605 688 653 onunon
708 605 769 652 ure.
788 605 832 652 xr.
851 606 872 650 s.
1002 596 1061 655 113

261 753 354 813 valeat
372 771 492 815 necesse
512 765 564 828 est,
584 755 635 813 ubi
655 767 685 814 et
710 755 876 814 credimusl
916 754 1058 831 Equidem

261 851 305 909 vel
325 851 500 910 mediocrem
521 852 689 924 orationem,
704 852 930 910 commendatam
950 852 1059 910 viribus

262 947 392 1021 actionis,
415 948 612 1005 affirmaverim
632 947 696 1023 plus
723 949 884 1005 habituram
909 966 973 1007 esse
998 967 1060 1006 mo·

260 1044 360 1116 menti,
389 1063 474 1120 quam
508 1044 644 1119 optimam
677 1044 777 1101 eadem
810 1045 859 1102 illa
884 1045 1056 1102 destitutam.

259 1141 287 1198 6.
314 1141 465 1215 Siquidem
486 1149 514 1198 et
533 1141 751 1213 Demosthenes,
772 1141 844 1217 quid
860 1149 930 1199 esset
948 1143 981 1199 in
1000 1149 1058 1199 totu

259 1235 373 1294 dicendi
392 1256 471 1313 opere
485 1237 620 1313 primum,
643 1237 842 1313 interrogatus,
860 1239 1060 1313 pronunciat&

259 1333 307 1390 oni
320 1333 447 1409 palmam
462 1333 549 1405 dedit,
564 1333 715 1408 eidemque
728 1333 876 1390 secundum
890 1351 925 1390 uc
944 1335 1059 1391 tertim

259 1427 356 1501 hrum,
384 1427 477 1487 donec
505 1431 540 1488 ab
567 1447 602 1487 eo
629 1429 717 1504 quaeri
746 1428 905 1486 desineret:
933 1439 965 1485 ut
991 1447 1057 1486 cem

260 1523 349 1584 videri
375 1537 471 1602 posset
495 1545 557 1584 non
583 1526 767 1602 precipuum,
790 1526 842 1583 sed
869 1525 959 1582 solam
982 1525 1058 1602 judi·

259 1641 357 1680 casse:
385 1623 413 1681 7.
435 1623 558 1698 ideoque
573 1623 633 1698 ipse
647 1633 706 1680 tem
727 1623 879 1700 diligenter
900 1622 974 1697 apud
996 1622 1059 1678 An·

258 1719 409 1777 dronicum
437 1719 616 1796 Hypocriten
644 1720 762 1791 studuit,
790 1731 821 1776 ut
849 1718 1056 1776 admirantibus

257 1817 318 1893 ejus
337 1818 496 1874 orationem
516 1815 641 1873 Rhodiis
660 1835 719 1873 non
740 1817 883 1873 immerito
902 1816 1057 1874 AEsehiues

258 1913 364 1970 ducisse
390 1913 529 1984 videatur,
551 1911 668 1988 quidsi
687 1913 779 1987 ipsum
799 1912 975 1969 audissetis?
1017 1912 1057 1970 Et

258 2007 299 2065 M.
321 2007 427 2065 Cicero
448 2009 586 2065 nnumin
612 2007 729 2064 dicendo
755 2009 890 2064 actionem
915 2008 1057 2065 dominari

257 2113 346 2180 putat.
386 2105 414 2162 8.
437 2104 503 2161 Hac
517 2105 571 2161 Cn.
584 2103 738 2161 Lentulum
751 2104 816 2178 plus
830 2104 973 2178 opinionis
986 2122 1057 2160 con-

258 2215 397 2274 secutum,
410 2221 495 2277 quum
509 2201 681 2277 eloquentia,
693 2201 793 2258 trudit:
809 2201 910 2258 eadem
925 2201 1057 2259 C.Gruc·

257 2299 343 2358 chum
358 2300 387 2358 in
402 2299 532 2358 deflenda
547 2297 642 2356 sratris
657 2315 729 2355 nece
742 2299 830 2355 totius
842 2299 938 2374 populi
950 2298 1057 2356 Roma·

256 2397 286 2456 ni
306 2395 439 2454 lacrimas
459 2395 637 2454 concitasse:
659 2404 688 2452 et
709 2394 866 2452 Antonium
880 2405 910 2451 et
920 2395 1055 2452 Crassum

256 2493 377 2551 multum
391 2493 522 2566 valuisse,
536 2491 693 2570 plurimum
705 2509 773 2550 vero
785 2491 826 2554 Q.
848 2491 1054 2550 Hortensium:

256 2591 339 2668 cujus
359 2591 401 2648 rei
416 2589 486 2648 fides
500 2599 552 2662 est,
567 2589 644 2665 quod
659 2589 721 2666 ejus
734 2589 841 2664 scripta
854 2599 965 2646 tantum
979 2590 1055 2647 intra

256 2687 359 2745 lamam
373 2699 447 2759 sunt,
457 2707 513 2763 qua
526 2687 575 2743 diu
588 2685 722 2764 princeps
736 2697 889 2756 oratorum,
902 2687 1055 2760 aliquando

256 2781 375 2838 emulus
408 2780 558 2838 Ciceronis
591 2780 769 2839 existimatus
802 2789 855 2850 est,
888 2779 1052 2847 novissime,

256 2875 350 2950 quoad
376 2875 454 2947 vixit,
482 2877 640 2933 secundus:
675 2886 709 2933 ut
742 2883 884 2951 appareat,
909 2875 1054 2950 placuisse

257 2969 364 3046 aliquid
378 2990 413 3029 eo
427 2971 551 3043 dicente,
565 2972 640 3047 quod
654 2972 783 3048 legentes
803 2989 861 3027 non
882 2969 1051 3029 invenimus.

255 3069 283 3126 9.
305 3067 344 3126 Et
356 3067 473 3125 hercule
487 3085 553 3124 cum
568 3067 679 3126 valeant
692 3068 815 3124 multum
834 3067 921 3124 verba
938 3086 990 3143 per
1009 3087 1051 3136 se,

254 3173 284 3224 et
311 3182 365 3221 vox
390 3163 531 3240 propriam
559 3163 616 3221 vim
643 3164 759 3240 adjiciat
785 3164 880 3235 rebus,
900 3173 929 3221 et
955 3175 1052 3241 gestus

255 3270 405 3336 motusque
431 3259 573 3338 significet
601 3259 717 3334 aliquid,
737 3260 868 3336 prolecto
892 3260 1052 3335 perlectum

255 3355 390 3438 quiddam
403 3356 475 3432 lieri,
490 3373 556 3414 curn
570 3355 666 3415 omnia
680 3357 820 3429 coierunt,
834 3374 954 3417 necesse
965 3365 1018 3414 est

493 3452 530 3513 10
541 3451 558 3488 ⁴⁸
