2675 4009
272 569 332 632 10⁰
491 581 529 628 su
547 579 618 628 mu
636 579 843 637 ommmum

268 746 304 788 se
314 738 346 788 et
357 729 478 790 offerre:
498 747 555 788 neo
562 739 674 790 trntrm
686 729 907 806 requirentibus,
918 729 969 788 sed
982 729 1071 789 minin

268 838 372 902 sponte
384 826 500 886 iuterim
511 848 519 885 :
532 845 589 884 neo
602 827 795 904 vigilantibus,
809 827 860 884 sed
873 826 960 884 etiem
974 825 1071 902 quiete

271 924 446 1000 eomporitis
472 923 500 981 6.
521 921 669 1001 Eomrgis
682 923 759 1000 quod
773 924 823 982 ills
834 941 949 999 quoque
963 923 1071 981 unimu-

269 1021 320 1094 lir,
333 1039 398 1096 que
410 1038 510 1080 emere
522 1020 670 1080 inteiieotu
684 1021 825 1093 ridentur,
837 1021 1027 1078 meminerunt
1038 1029 1070 1078 et
1181 1014 1185 1055 ἶ

271 1127 441 1194 rguowuut,
454 1127 486 1176 et
497 1118 655 1194 quamlibet
665 1118 754 1196 longo
765 1118 870 1176 itinere
889 1117 1012 1175 deductu
1032 1116 1066 1174 ud

272 1226 399 1272 muetos
410 1213 468 1274 sibi
479 1215 565 1273 sedes
576 1224 764 1274 revertuntur.
804 1213 907 1276 Quint
927 1231 986 1271 uon
1007 1213 1069 1270 heo
1182 1199 1189 1275 :³

271 1309 393 1369 varietus
405 1311 478 1370 mire
495 1325 550 1385 est,
562 1311 697 1370 excidere
716 1311 853 1386 proximu,
867 1320 964 1368 veteru
983 1309 1069 1367 inhe-

270 1409 357 1468 rere!
390 1408 587 1467 hesternorum
619 1408 809 1478 immemores,
844 1416 908 1464 nutu
938 1405 1068 1481 pueritie

270 1505 437 1565 reoordurit
476 1506 504 1562 7.
524 1504 627 1566 Quidt
646 1503 722 1578 quod
737 1502 868 1578 quedem
888 1502 1024 1576 requisitu
1037 1519 1069 1561 se

269 1601 429 1671 oomttnnr,
442 1609 472 1656 et
484 1599 585 1656 eedem
598 1598 671 1655 sorte
684 1599 876 1655 suoomruntt
896 1615 951 1656 nee
970 1609 1070 1656 manet

269 1713 382 1770 semper
414 1693 563 1765 memorie,
588 1693 639 1752 sed
674 1693 826 1769 uliquundo
859 1694 945 1752 etium
971 1693 1068 1753 redut

269 1790 441 1852 Nesoiretur
459 1798 567 1861 tumen,
587 1799 695 1866 qusutn
714 1789 757 1848 vis
776 1800 851 1850 esset
870 1790 940 1868 ejus,
961 1801 1068 1866 quantu

267 1887 405 1946 divinitus
431 1887 489 1959 illu,
509 1887 566 1946 uisi
592 1887 649 1946 hoe
675 1887 772 1946 lumen
792 1887 892 1946 oruudi
911 1887 1065 1947 extulisset.

268 1983 299 2045 8.
319 1984 389 2044 Νοιι
409 1984 486 2044 enim
506 2003 603 2043 rerum
623 1984 719 2057 modo,
740 1983 792 2043 sed
811 1985 898 2044 etium
917 1985 1067 2043 verborum

267 2081 400 2142 ordinem
412 2091 539 2159 prestet:
553 2099 610 2141 neo
621 2100 657 2140 eu
668 2099 763 2158 psuos
773 2081 910 2152 oontexit‚
921 2081 972 2140 sed
985 2081 1068 2140 durat

266 2197 360 2258 prope
385 2179 416 2238 iu
436 2179 590 2252 infinitum,
611 2189 641 2236 et
661 2178 693 2236 in
712 2177 887 2256 longissimis
908 2177 1067 2236 notionibus

270 2277 350 2354 prius
377 2276 514 2335 audiendi
540 2275 688 2351 potientis,
715 2293 801 2351 quum
827 2273 972 2332 memorie
997 2273 1067 2332 fides

271 2372 377 2430 defluit
430 2372 459 2428 9.
491 2370 583 2431 Quod
616 2380 646 2427 et
668 2370 762 2445 ipsum
789 2380 987 2446 argumentum
1013 2379 1066 2440 est,

269 2467 389 2524 subesse
408 2475 498 2523 artem
525 2464 658 2540 ediquem,
682 2464 832 2542 juvenique
851 2466 961 2524 ratione
988 2475 1069 2524 natu·
1138 2474 1147 2490 '

270 2579 349 2626 rum:
377 2579 443 2618 oum
470 2559 558 2618 iidem
583 2560 662 2618 dooti
689 2560 783 2618 fauere
809 2561 1020 2633 illud,'indoeti
1040 2572 1068 2620 et

270 2657 450 2718 inexeroituti
482 2675 542 2716 non
574 2652 732 2734 possimus:
766 2675 927 2733 quanquam
954 2658 1068 2717 invenio

272 2757 350 2834 opud
374 2756 534 2826 Plutonem,
556 2755 669 2812 obstme
689 2754 833 2812 memorie
854 2773 937 2812 usum
963 2756 1069 2814 littera-

271 2872 355 2911 rum:
369 2852 504 2911 videlieet
515 2851 592 2927 quod
607 2850 665 2922 illu,
677 2868 739 2924 quae
754 2850 866 2926 scriptis
879 2852 1068 2927 reposuimus,

272 2949 350 3008 velut
382 2949 528 3008 custodire
560 2947 727 3014 desinimus,
761 2957 790 3004 et
822 2947 884 3023 ipsa
916 2949 1069 3006 securitate

272 3044 451 3105 dimittimus
499 3045 545 3102 10.
575 3043 641 3101 Neo
667 3043 786 3102 dubium
813 3053 866 3116 est,
887 3043 956 3118 quin
982 3044 1069 3121 pluri·

271 3159 351 3200 mum
364 3139 395 3198 iu
409 3140 464 3198 heo
476 3151 557 3216 purte
570 3140 662 3198 velent
675 3139 779 3197 mentis
800 3140 930 3212 intentio,
943 3151 972 3198 et
992 3141 1069 3199 velut

272 3237 351 3296 uoies
368 3235 510 3294 luminum
529 3255 548 3293 u
559 3247 712 3312 prospectu
727 3255 916 3310 rerumquae
929 3237 1067 3309 intuetur,

270 3352 331 3396 uun
356 3350 461 3394 uteru.
501 3330 587 3392 Unde
611 3333 730 3408 uooidit,
751 3343 783 3391 ut
808 3351 871 3408 que
896 3333 1068 3411 perplures
