2675 4009
271 571 309 630 ltl
489 579 526 626 ra
545 579 614 626 rua.
634 577 840 635 Qumruuram

270 728 377 801 locum
410 747 446 787 ex
478 728 645 806 oognitione
676 747 772 787 rerum
805 728 1066 805 exemplorumque,

272 825 376 900 quibus
396 825 536 901 imprimis
557 825 713 883 instructus
733 844 796 884 esse
810 827 893 884 debet
908 835 1014 898 orator,
1028 843 1068 884 ne

271 923 368 980 omnia
381 923 547 980 testimonia
558 933 692 998 expectet
706 943 720 980 a
735 923 897 1000 litigatore3
913 923 961 980 sed
976 923 1068 999 plera-

270 1038 326 1094 que
352 1038 389 1078 ex
414 1030 554 1078 vetustate
577 1019 728 1096 diligenter
750 1019 805 1077 sibi
826 1020 943 1096 eognitu
963 1030 1066 1092 sumat,

271 1116 327 1173 boo
347 1117 515 1192 potentiora,
535 1116 612 1192 quod
631 1135 666 1174 ea
686 1117 747 1175 sola
767 1117 934 1174 orimiuibus
958 1117 1017 1174 odii
1038 1126 1068 1174 at

217 1234 256 1319 ‚p
270 1214 373 1291 gratim
386 1224 496 1272 raoaut.

216 1316 247 1349 ’ἰ
310 1311 358 1369 35.
388 1311 661 1388 Apbilosopborum
682 1330 750 1370 vero
770 1311 896 1370 leutione
917 1321 948 1368 ut
972 1320 1068 1369 essent

271 1407 360 1464 multa
373 1408 455 1466 nobis
467 1409 600 1485 petenda,
615 1409 685 1465 vitio
706 1409 812 1466 fautum
833 1418 876 1466 est
898 1408 954 1465 alio
975 1418 1068 1464 orato·

271 1521 345 1576 rum,
364 1505 413 1580 qui
434 1505 548 1580 quidam
569 1504 627 1561 illis
654 1504 763 1580 optima
790 1505 835 1562 sui
865 1505 961 1580 operis
987 1515 1068 1580 parta

272 1610 426 1658 cesserunt.
468 1601 544 1658 Nam
564 1610 593 1657 et
613 1601 649 1658 de
666 1601 760 1678 justis,
782 1601 917 1674 honestis,
939 1601 1067 1673 utilibus,

273 1695 365 1771 iisque
378 1717 441 1773 qua
455 1697 512 1755 siut
526 1698 588 1756 istis
601 1699 755 1768 contraria,
771 1709 799 1756 et
813 1699 849 1756 de
864 1699 948 1756 rebus
963 1698 1067 1756 divinis

248 1783 396 1852 'maxime
429 1795 539 1867 dieunt,
566 1805 595 1853 et
623 1805 856 1872 argumentantur
884 1794 1004 1852 aeriter:
1039 1805 1068 1852 et

275 1890 508 1950 altercationibus
529 1902 613 1968 atque
633 1891 906 1970 interrogationibus
926 1901 1066 1950 oratorem

273 1987 400 2047 futurum
427 1990 535 2065 optime
562 1989 704 2048 Socratici
732 1999 898 2065 praeparant.
940 1987 1067 2046 ausen

272 2084 318 2144 luis
337 2102 450 2162 quoque
471 2087 663 2146 adhibendum
684 2097 728 2146 est
748 2085 842 2144 simile
860 2085 1012 2162 judicium,
1035 2093 1067 2142 ut

274 2182 442 2242 etiamnum
457 2183 487 2241 in
500 2185 587 2242 rebus
599 2203 745 2242 versemur
766 2183 878 2254 iisdem,
894 2201 951 2240 non
971 2193 1067 2239 tamen

273 2280 393 2338 eandem
419 2298 482 2336 esse
515 2280 712 2336 conditionem
745 2279 871 2335 sciamus
903 2278 997 2336 litium
1034 2295 1068 2335 ao

273 2373 506 2448 disputationum,
527 2373 580 2430 sori
601 2383 629 2430 et
649 2373 793 2444 auditorii,
814 2384 1020 2449 praeoeptorum
1040 2381 1068 2431 et

273 2468 476 2546 periculorum.

232 2569 258 2659 (s
312 2565 358 2624 37.
386 2564 482 2622 Credo
508 2577 657 2624 exaoturos
683 2565 845 2641 plerosque,
868 2585 934 2624 oum
957 2577 1067 2626 tanturn

274 2680 337 2722 esse
350 2661 481 2720 utilitatis
494 2661 525 2720 iu
538 2661 660 2740 legendo
671 2661 844 2738 judicemus,
859 2673 891 2720 ut
904 2662 932 2720 id
955 2681 1068 2739 quoque

274 2757 461 2836 adjungamus
474 2759 564 2834 operi,
578 2758 628 2834 qui
648 2758 715 2830 sint,
736 2777 798 2834 quae
820 2759 849 2816 in
869 2778 983 2834 quoque
1004 2777 1068 2816 auo·

273 2865 336 2913 tore
361 2855 507 2931 precipua
532 2855 629 2913 uirtus.
685 2856 743 2913 Sed
769 2856 902 2932 persequi
930 2855 1067 2932 singulos,

273 2951 378 3009 infiniti
391 2951 476 3009 fuerit
494 2951 596 3028 operis.
636 2952 684 3010 38.
705 2951 823 3028 Quippe
843 2971 909 3009 oum
930 2951 960 3009 iu
980 2952 1069 3011 Bruto

274 3047 316 3106 M.
341 3047 457 3105 Tullius
483 3058 526 3108 tot
551 3049 679 3108 millibus
706 3067 839 3107 versuum
866 3048 901 3106 de
928 3047 1069 3108 Romanis

273 3156 385 3204 tantum
404 3145 563 3203 oratoribus
583 3146 725 3221 loquatur,
738 3155 766 3204 et
779 3157 874 3203 tamen
888 3144 924 3203 de
937 3147 1069 3206 omnihus

274 3242 451 3314 aretinum,
470 3242 642 3317 quibuscum
666 3242 786 3314 vivebat,
805 3242 933 3319 exeeptis
956 3241 1069 3300 Caesare

275 3351 358 3418 atque
373 3339 523 3412 Mareello,
532 3339 679 3399 silentium
692 3339 799 3418 egerit:
814 3339 878 3416 quis
891 3339 945 3398 erit
958 3336 1069 3408 modus,
