2675 4009
424 615 506 662 insu.
525 615 664 666 ossuum
684 615 745 663 aas.
766 614 811 663 xr.
829 616 851 661 s.
983 603 1039 662 13³

239 771 302 822 rata
313 763 451 842 projectio
471 765 597 824 remissis
617 765 754 837 humeris,
769 776 854 841 atque
873 763 1040 838 explicanti·

240 861 294 920 bus
313 879 343 920 se
364 862 394 921 in
413 862 583 938 proterenda
603 881 690 921 manu
710 863 818 941 digitis,
839 861 991 919 eontinuos
1010 869 1040 916 et

239 957 424 1020 decurrentes
438 959 517 1016 loeos
532 959 654 1018 maxime
667 960 759 1019 decet
800 960 842 1018 At
862 977 928 1016 oum
949 956 1041 1032 speei-

239 1053 318 1112 osius
344 1055 414 1130 quid
440 1055 612 1129 uberiusque
638 1055 794 1114 dicendum
819 1066 873 1127 est,
900 1065 933 1112 ut
958 1052 1040 1125 iilud,

239 1150 321 1208 Sana
340 1159 426 1227 utque
445 1151 610 1210 solitudines
630 1153 693 1210 uoci
719 1152 895 1228 respondent,
916 1151 1042 1227 expatia-

240 1258 287 1305 tur
307 1250 337 1306 in
357 1248 441 1321 latus,
455 1259 485 1308 et
504 1250 567 1326 ipsa
586 1251 797 1326 quodammodo
817 1269 848 1308 se
869 1269 935 1307 uum
956 1259 1039 1327 gestu

241 1347 336 1406 fundit
361 1348 461 1406 oratio.
514 1349 562 1408 85.
596 1349 704 1408 Manus
736 1367 814 1420 vero,
841 1349 903 1406 sine
936 1349 1041 1424 quibus

241 1453 345 1502 trunoa
357 1455 432 1503 esset
446 1445 522 1504 aetio
537 1447 699 1519 sedebilis,
713 1446 761 1504 vix
775 1445 834 1503 dioi
854 1455 957 1521 potest,
972 1453 1042 1519 quot

241 1551 338 1600 motus
351 1541 483 1616 babeant,
498 1561 565 1602 oum
577 1563 660 1620 paene
680 1545 772 1620 ipsam
792 1544 943 1601 verborum
964 1540 1043 1617 copi·

242 1655 288 1698 tm
301 1651 515 1716 persequantur.
557 1641 586 1700 N
589 1661 635 1700 um
649 1652 862 1719 ceteraepartes
874 1640 1041 1716 loquentem

242 1736 385 1812 adjurant,
400 1737 454 1808 he,
469 1757 557 1814 prope
571 1750 614 1797 est
627 1749 659 1797 ut
673 1739 778 1811 di'oam,
793 1739 861 1815 ipsae
874 1738 1039 1813 loquuntur.

240 1832 289 1890 86.
311 1832 367 1890 His
386 1828 541 1908 possimus,
561 1835 741 1910 pollicemur,
762 1853 909 1906 vocamus,
923 1833 1042 1891 dimitti·

243 1943 318 1997 mus,
338 1927 491 1996 minamur,
512 1930 717 2004 supplicamus,
733 1929 940 2000 abominamur,
960 1930 1043 1987 time-

244 2035 325 2091 ntus3
346 2023 493 2099 gaudium,
514 2024 668 2096 tristitiem,
689 2025 907 2095 dubitationem,
928 2025 1041 2083 confes·

244 2117 365 2188 sionem,
378 2119 585 2194 poenitentiam,
599 2121 726 2192 modum,
741 2121 864 2196 copiam,
879 2139 1042 2192 numerum,

244 2233 367 2292 ternpus,
382 2216 566 2276 ostendimus.
607 2217 655 2275 87.
697 2217 766 2275 Non
787 2217 950 2275 concitanti
971 2217 1045 2275 inhi-

245 2313 334 2372 beuti
361 2312 540 2388 supplicanti
566 2314 710 2390 probanti
738 2314 933 2372 admiranturl
966 2332 1045 2372 rere·

245 2409 432 2468 tundantur?
485 2408 554 2467 Non
582 2411 611 2468 in
638 2409 868 2468 demonstrandis
900 2410 974 2469 loeis
1008 2429 1044 2468 ao

245 2506 375 2582 personis
389 2505 585 2565 adverbiorum
601 2517 686 2583 atque
698 2509 899 2583 pronominum
913 2508 1045 2566 obtinent

245 2605 359 2662 rioeml
398 2603 437 2662 Ut
457 2603 487 2662 in
507 2615 586 2663 tanta
604 2623 655 2680 per
675 2623 776 2663 omnes
789 2616 890 2682 gentes
902 2605 1047 2662 nationes-

247 2717 303 2776 que
316 2699 422 2776 lingure
436 2699 596 2760 diversitate
611 2701 659 2759 hio
673 2701 743 2759 mibi
757 2701 885 2758 omnium
896 2699 1046 2757 hominum
1102 2713 1105 2716 ’

249 2796 411 2853 eommunis
425 2815 518 2856 sermo
531 2797 667 2856 rideatur.

286 2891 336 2949 88.
363 2891 402 2949 Et
416 2891 445 2950 hi
459 2893 584 2968 quidem,
599 2895 634 2952 de
647 2894 752 2970 quibus
765 2912 826 2951 sum
841 2893 964 2965 loeutus,
979 2909 1047 2952 oum

249 2993 319 3072 ipsis
331 2990 449 3048 vooibus
462 2989 627 3048 naturaliter
640 3001 746 3050 exeunt
765 3001 879 3068 gestus:
901 2989 950 3049 atii
969 3001 1045 3064 sunt,

249 3091 359 3169 quires
380 3086 539 3146 imitatione
559 3087 736 3163 significant:
756 3099 788 3145 ut
808 3085 832 3145 si
853 3106 970 3164 aegrum,
983 3099 1047 3148 ten·

249 3187 336 3247 tantis
356 3203 442 3243 venas
456 3183 561 3242 medici
574 3183 771 3256 similitudine,
787 3195 834 3242 aut
847 3184 1047 3259 eitharoedrrm,

251 3281 378 3342 formatis
393 3279 558 3338 admodum
577 3280 763 3356 percutientis
783 3299 885 3340 nervos
904 3282 1046 3353 manibus,

251 3377 394 3453 ostendas,
421 3377 498 3456 quod
507 3386 568 3534 2est
593 3393 687 3458 genus
711 3395 799 3455 quarn
823 3377 991 3458 lorrgissime
1015 3377 1047 3438 in

491 3475 505 3534 l
