2675 4009
254 569 299 632 58
481 583 517 631 u.
536 583 607 630 ssu.
626 583 835 641 cumanum

256 742 291 790 ut
310 751 369 792 una
389 735 426 792 de
438 753 470 793 re
492 735 567 793 bene
588 735 657 808 dici,
681 735 737 794 nisi
761 735 859 807 semel,
881 753 939 794 non
959 736 1057 812 possit.

167 830 210 915 λ]
257 831 285 887 6.
307 830 374 888 Nisi
401 831 473 889 forte
493 832 664 890 histrionum
686 832 774 890 multa
795 832 873 890 eirca
892 851 978 890 voces
998 852 1058 891 eas·

257 927 324 984 dnm
344 929 453 985 variare
473 939 570 1005 gestus
596 939 699 1006 potest,
721 930 821 987 orandi
841 930 934 988 minor
954 930 1006 1001 vis,
1026 939 1058 987 ut

258 1023 370 1080 dicatur
384 1025 500 1100 aliquid,
515 1036 578 1102 post
592 1026 669 1102 quod
684 1027 713 1084 in
728 1027 827 1084 eadem
849 1025 976 1084 materia¹
986 1025 1057 1084 nihil

258 1119 413 1177 dicendum
440 1122 484 1180 sit.
536 1123 595 1180 Sed
621 1134 694 1192 esto,
722 1141 816 1200 neque
842 1123 954 1194 melius,
982 1121 1058 1198 quod

258 1215 428 1290 invenimus,
449 1237 522 1291 esse,
544 1239 637 1297 neque
655 1240 726 1296 par:
751 1231 795 1278 est
815 1229 893 1278 certe
912 1220 1058 1296 proximus

256 1312 347 1372 locus
388 1317 415 1373 7.
437 1317 486 1374 An
505 1335 575 1375 vero
601 1318 655 1394 ipsi
676 1337 735 1375 non
762 1318 806 1374 bis
834 1337 868 1374 ao
895 1317 998 1394 saepius
1024 1315 1059 1374 de

257 1409 358 1466 eadem
371 1429 403 1468 re
423 1411 556 1484 dicimus,
571 1422 600 1469 et
620 1412 736 1486 quidem
757 1411 908 1468 continuas
929 1429 1061 1468 nonnun-

258 1525 343 1581 quam
368 1509 544 1566 sentemiast
584 1508 651 1565 Nisi
674 1509 745 1566 forte
769 1507 943 1566 contendere
966 1508 1061 1565 nobis.

257 1621 325 1660 cum
338 1622 578 1679 possumus‚eum
594 1603 657 1660 aliis
670 1622 728 1660 non
743 1622 902 1679 possumus.
944 1601 1020 1660 Nam
1035 1602 1060 1660 si
1151 1632 1155 1636 ²
1206 1641 1207 1660 r

257 1716 316 1755 uno
343 1717 448 1775 genere
474 1701 548 1756 bene
574 1699 727 1772 diceretur,
749 1701 791 1758 sss
818 1709 879 1758 erat
905 1697 1060 1758 existimari

257 1795 426 1870 praeclusam
452 1795 537 1853 nobis
558 1815 575 1853 a
593 1797 738 1872 prioribus
757 1797 841 1854 vium.
883 1795 974 1854 Nunc
993 1815 1061 1854 vero

259 1878 481 1951 innumerabiles
495 1903 562 1952 sunt
575 1894 664 1966 modi,
678 1895 866 1972 plurimaque
886 1894 988 1952 eodem
1007 1893 1060 1952 vise

259 1989 376 2048 ducunt.
417 1991 445 2048 8.
467 1993 529 2048 Sua
543 1992 675 2050 brevitati
690 1992 791 2069 gratia,
806 2011 859 2049 sua
879 1991 983 2068 copiae;
1006 1989 1061 2049 nlia'

258 2088 402 2146 translatis
415 2087 514 2160 virtus,
530 2089 586 2146 alia
599 2089 729 2166 propriis.
771 2087 838 2146 Hoc
859 2089 951 2146 oratio
971 2098 1060 2160 recta,

259 2185 330 2243 ittud
343 2186 435 2262 figura
455 2186 599 2244 declinata
619 2186 810 2244 commendat,
851 2183 918 2261 lpsa
937 2185 1062 2261 denique

170 2307 172 2312 ·
260 2283 412 2339 utilissima
438 2293 482 2340 est
514 2283 715 2340 exercitationi
742 2281 904 2339 difficultas.
957 2280 1061 2342 Quint

259 2379 336 2453 quod
364 2388 495 2435 auctores
521 2378 638 2435 maximi
672 2379 715 2434 sic
748 2376 914 2453 diligentius
941 2394 1061 2452 cognos-

260 2475 387 2531 cunturi
427 2473 495 2530 Non
510 2474 586 2530 enim
600 2473 708 2549 scripta
720 2471 845 2529 lectione
859 2489 961 2530 secura
973 2482 1062 2529 truns-

261 2570 418 2628 currimus:
446 2569 497 2626 sed
523 2578 680 2626 tractamus
707 2568 829 2645 singula,
851 2579 880 2626 et
899 2563 1062 2626 necessario

261 2667 484 2744 introspicimus,
519 2675 558 2737 et,
598 2675 737 2741 quantum
776 2665 888 2722 virtutis
928 2665 1060 2736 habeant,

261 2766 305 2822 rei
334 2766 389 2822 hoe
422 2765 484 2841 ipso
517 2762 728 2842 cognoscimus,
756 2761 832 2838 quod
865 2761 970 2820 imitari
1002 2779 1061 2819 non

261 2880 421 2938 possumus.
552 2851 555 2856 ¹

300 2959 328 3016 9.
357 2958 423 3015 Nec
450 2957 543 3015 aliena
569 2966 682 3014 tantum
708 2956 871 3023 transferre,
899 2955 949 3012 sed
976 2954 1062 3012 etiam

262 3065 361 3112 nostra
381 3055 511 3132 pluribus
538 3054 631 3111 modis
658 3063 779 3111 tractare
799 3052 941 3130 proderit:
969 3062 1001 3108 ut
1027 3070 1062 3110 ex

264 3151 402 3209 industria
429 3170 575 3208 sumamus
601 3151 756 3233 sententias
783 3149 930 3225 quasdam,
957 3167 1062 3224 easque

262 3267 407 3306 versemus
421 3267 506 3323 quarn
520 3248 762 3318 numerosissime,
776 3247 854 3305 velut
874 3247 975 3304 cadem
995 3263 1063 3302 cers
1154 3295 1155 3298 ,

263 3346 327 3405 utin
338 3356 422 3422 atque
433 3344 495 3402 alie
506 3344 603 3403 forms
614 3345 682 3404 duci
694 3345 793 3404 solent.
836 3345 881 3404 10.
902 3343 1062 3404 Plurimum
