2675 4009
274 618 316 678 54
499 626 536 674 ss.
555 626 624 674 sne.
644 627 849 684 oumnmrsru

276 777 340 836 cliis
360 778 437 837 curis
456 788 599 852 vacantes,
614 779 786 838 studendum
807 776 1071 851 existimaverimus,

274 893 387 951 semper
414 875 478 948 erit,
503 887 619 952 propter
652 875 729 951 quod
762 875 844 934 nobis
877 875 1069 952 ignoscamus-

273 971 321 1030 30.
347 972 450 1033 Quare
482 971 514 1029 in
546 973 639 1040 turba,
674 972 786 1044 itinere,
813 971 951 1030 conviviis
983 969 1070 1030 etiam

274 1068 361 1126 facist
373 1069 429 1126 sibi
443 1068 580 1145 cogitatio
592 1087 655 1144 ipsa
667 1079 819 1128 secretum.
859 1068 942 1130 Quid
962 1066 1069 1143 alioqui

272 1161 331 1234 liet,
346 1181 413 1220 cum
433 1163 463 1220 in
478 1163 572 1222 medio
586 1163 658 1236 foro,
672 1173 714 1248 tot
728 1163 980 1222 circumstantibus
996 1163 1070 1239 judi·

272 1257 337 1330 ciis,
349 1259 461 1336 jurgiis,
476 1260 600 1318 fortuitis
613 1260 700 1318 etism
714 1260 896 1332 clamoribus,
907 1259 962 1318 erit
974 1258 1070 1320 subito

272 1356 411 1412 continua
436 1357 567 1414 oratione
585 1357 750 1428 dicendum,
772 1357 797 1414 si
815 1357 978 1432 particulas,
998 1373 1070 1432 quas

272 1452 347 1509 ceris
367 1454 545 1526 mandamus,
565 1453 622 1510 nisi
642 1453 673 1510 in
693 1453 847 1510 solitudine
867 1453 990 1527 reperire
1010 1451 1069 1512 non

271 1552 444 1624 possumusl
484 1551 603 1625 Propter
617 1569 680 1624 quae
695 1549 771 1606 idem
787 1548 834 1605 ille
848 1558 944 1604 tantus
959 1557 1069 1606 ametor

271 1646 376 1702 secreti
395 1645 614 1716 Demosthenes,
630 1645 660 1702 in
682 1645 775 1716 litore,
791 1643 821 1701 in
835 1645 911 1718 quod
931 1663 962 1702 se
982 1645 1069 1702 maxi·

270 1757 320 1797 mc
334 1757 401 1796 cum
414 1758 487 1797 sono
500 1740 606 1798 fluctus
619 1740 753 1810 illideret,
769 1739 919 1811 meditans,
934 1757 1068 1798 consues-

307 1837 343 1892 ba
386 1835 542 1894 cocionum
556 1837 686 1894 fremitus
699 1855 758 1894 non
772 1855 968 1912 expavescere.
1030 1896 1035 1908 ,

351 1977 357 1990 .
384 1933 439 1991 Illa
447 1952 561 2008 quoque
569 1933 680 1992 minora
691 1931 756 2010 (sed
766 1933 837 1990 nihil
848 1932 878 1990 in
892 1932 993 1991 studiis
1005 1950 1067 2009 pnr-

270 2047 338 2086 vum
351 2031 408 2109 est)
419 2047 479 2087 non
489 2039 556 2086 sunt
565 2030 749 2102 transeunda,
761 2029 847 2086 scribi
861 2029 969 2106 optime
982 2029 1066 2102 ceris,

270 2128 301 2186 in
322 2126 425 2202 quibus
445 2126 582 2184 facillima
601 2136 645 2184 est
664 2127 738 2184 ratio
758 2125 890 2184 delendi:
918 2126 974 2184 nisi
994 2127 1067 2185 forte

270 2224 348 2282 visus
361 2225 500 2282 infirmior
513 2226 744 2282 membranarum
754 2225 849 2301 potius
860 2243 944 2282 usum
954 2225 1065 2302 exiget:

270 2339 334 2395 quae
348 2331 380 2377 ut
390 2321 491 2396 juvent
512 2321 614 2391 eciem,
628 2321 669 2377 itu
689 2321 790 2378 crebra
809 2320 957 2388 relatione,
972 2319 1067 2394 quoad

269 2419 450 2494 intinguntur
464 2417 578 2488 calami,
592 2427 740 2474 morantur
754 2435 880 2490 menum,
895 2427 924 2476 et
937 2417 1068 2496 cogitati·

269 2513 334 2571 onis
347 2514 485 2588 impeturn
498 2513 640 2588 frangunt.
681 2513 728 2570 32.
750 2511 960 2588 Relinquendae
972 2524 1066 2574 sutem

269 2610 301 2668 iu
320 2610 457 2669 utrolibet
476 2627 582 2688 genere
602 2620 703 2668 contra
722 2619 806 2668 erunt
825 2629 923 2669 vacuae
943 2611 1065 2685 tabellas,

269 2707 300 2767 in
324 2707 427 2784 quibus
452 2706 544 2765 libera
571 2707 717 2784 sdjicienti
744 2708 781 2766 sit
807 2707 946 2766 excursio.
986 2707 1065 2768 Num

269 2804 385 2863 interim
405 2803 549 2882 pigritiam
575 2803 747 2862 emendandi
774 2806 911 2882 angustio
932 2804 1061 2878 fuciunt3

270 2913 320 2961 snt
333 2912 410 2961 certe
423 2921 560 2960 novorum
575 2902 819 2979 interpositionem
831 2903 926 2978 priora
945 2903 1064 2964 confun-

268 3003 346 3060 dant
387 3001 435 3060 Ne
448 3003 520 3060 letas
533 3001 650 3076 quidem
668 3002 744 3060 ultra
763 3002 880 3060 modum
900 3021 962 3061 esse
982 3021 1064 3062 ceres

267 3100 363 3172 velim,
384 3109 517 3175 expertus
533 3097 667 3175 juvenem
688 3099 847 3156 studiosum
869 3099 973 3176 alioqui
993 3117 1064 3176 prm-

267 3198 369 3276 longcs
381 3196 516 3254 habuisse
528 3213 685 3270 sermones,
700 3196 766 3274 quia
779 3196 843 3255 illos
862 3215 983 3256 numero
1002 3213 1061 3254 veo·

267 3313 353 3354 snum
378 3293 559 3372 metiebatur,
579 3292 667 3369 idque
692 3293 803 3367 vitium,
824 3293 900 3369 quod
920 3289 1061 3368 frequenti

267 3392 466 3456 admonitione
486 3389 594 3474 corrigi
611 3409 672 3456 non
691 3401 835 3474 potuerat,
847 3390 964 3456 mutetis
982 3385 1062 3453 sodi·
