2675 4009
448 591 530 640 man.
551 591 690 640 omnen.
711 591 773 638 ura
795 591 838 638 m.
857 591 879 638 ³.
1002 581 1062 643 125

268 760 363 815 aonua,
378 749 407 802 ct
418 741 567 820 respiratio
580 741 633 802 aab
647 759 722 818 aqua
732 741 785 800 dia
796 739 889 818 premi
907 739 1018 811 similia,
1032 749 1062 798 et

267 850 398 918 receptus
416 839 540 917 longior,
554 848 584 896 et
602 857 661 896 uon
680 849 867 915 opportunus,
881 846 914 895 ut
932 836 983 912 qui
1001 835 1060 907 liat,

266 957 325 996 non
345 938 396 996 ubi
416 938 556 1008 volumus,
576 936 628 994 aed
647 937 699 994 ubi
724 955 844 994 neceaae
868 945 920 993 eat
959 934 1063 996 Quam

265 1034 427 1112 longiorem
440 1033 560 1092 dicturis
573 1033 723 1108 periodum
733 1031 913 1109 colligandus
925 1040 969 1088 eat
981 1029 1063 1106 apiri-

267 1141 329 1190 tus:
351 1129 391 1188 ita
403 1139 508 1200 tamen,
522 1139 554 1186 ut
568 1128 598 1185 id
611 1146 705 1203 neque
718 1127 778 1200 diu,
791 1146 886 1203 neque
905 1145 971 1185 cum
991 1143 1063 1184 acuo

268 1225 415 1291 sociamus,
430 1241 523 1300 neque
536 1224 654 1282 omnino
673 1233 706 1280 ut
724 1223 906 1281 manifestum
925 1224 978 1281 ait:
998 1221 1063 1280 reli·

267 1321 332 1398 quia
357 1320 486 1396 partibus
512 1320 619 1396 optime
645 1319 719 1378 inter
749 1319 898 1394 juncturae
923 1318 1063 1376 sermonis

268 1417 455 1476 revocabitur.
495 1418 543 1476 54.
566 1416 753 1476 Exerceudus
781 1425 876 1472 autem
901 1425 954 1486 eat,
974 1423 1007 1471 ut
1026 1415 1064 1472 ait

269 1532 354 1590 quam
372 1513 571 1591 longissimus:
592 1513 668 1588 quod
689 1511 900 1570 Demosthenes
919 1521 951 1568 ut
970 1510 1065 1568 effice·

268 1620 321 1682 ret,
349 1611 490 1670 scandens
523 1611 553 1670 in
587 1610 737 1668 adversam
762 1609 951 1668 continuabat
976 1622 1063 1683 qnam

267 1717 363 1784 poaact
375 1705 513 1783 plurimos
526 1725 631 1764 versuo.
673 1705 766 1777 Idem,
779 1724 838 1780 quo
850 1705 963 1764 facilius
976 1703 1064 1762 verba

267 1821 318 1861 ore
344 1803 435 1860 libero
461 1803 640 1878 exprimeret,
667 1802 796 1860 calculos
821 1801 920 1878 lingua
945 1800 1064 1858 volvens

270 1898 367 1956 dicere
380 1897 458 1954 dorni
471 1898 588 1956 colebat.
629 1899 678 1954 55.
699 1897 753 1954 Eat
765 1897 880 1954 interim
899 1907 929 1954 et
947 1897 1062 1973 longua,

270 2003 299 2052 et
322 1992 433 2069 plenus,
460 2002 489 2050 et
515 1993 609 2050 clarus
636 1992 705 2049 satia
730 1992 855 2067 spiritua,
881 2011 940 2050 non
966 2002 1064 2050 tamen

269 2089 358 2148 firmae
371 2087 549 2159 intentionir‚
564 2087 688 2161 ideoque
706 2088 860 2145 tremulae:
881 2098 914 2144 nt
932 2105 1062 2163 corpora,

271 2204 334 2262 que
355 2193 471 2260 aspectu
497 2185 618 2260 integra,
637 2183 734 2240 nervia
759 2201 858 2258 parum
877 2183 1062 2241 sustinentur.

269 2281 304 2340 Id
331 2279 456 2355 βράγκον
476 2280 573 2338 Greci
599 2289 712 2338 vocant.
753 2280 829 2337 Sunt
855 2279 905 2355 qui
931 2280 1065 2356 spiritum

269 2397 337 2438 cuna
356 2376 477 2448 stridore
495 2394 546 2452 per
565 2376 712 2436 raritatem
730 2375 858 2434 dentium
877 2394 937 2434 non
964 2377 1065 2455 recipi·

269 2484 331 2543 unt,
346 2473 396 2532 aed
409 2473 563 2532 resorbeat.
605 2473 681 2532 Sunt
694 2472 745 2548 qui
764 2474 866 2531 crebro
884 2473 1020 2547 anhelitu,
1035 2483 1065 2534 et

270 2571 423 2630 introrsum
436 2569 522 2628 etiam
536 2570 613 2628 clare
625 2579 756 2643 sonante,
770 2569 918 2628 imitentur
934 2570 1065 2647 jumenta

270 2684 358 2726 onere
383 2676 413 2724 et
436 2667 506 2744 jugo
531 2667 699 2725 laborantia
744 2668 792 2726 56.
812 2667 904 2729 Quod
930 2667 1065 2725 affectant

272 2779 396 2836 qaoque,
422 2771 556 2836 tanquam
583 2763 755 2834 inventionis
788 2763 872 2839 copia
896 2771 1063 2839 urgeantur,

272 2857 419 2933 majorque
429 2857 471 2916 vie
485 2857 653 2933 eloquentia
665 2861 788 2937 ingruat,
797 2877 883 2936 quam
896 2877 960 2935 quae
972 2859 1065 2918 emitti

273 2951 404 3010 saucibus
415 2952 511 3028 possit
552 2952 605 3012 Eat
619 2954 683 3012 aliia
695 2972 853 3012 concuraua
865 2955 934 3026 oria,
948 2964 978 3012 et
997 2972 1065 3014 cum

273 3046 367 3106 verbio
386 3049 445 3106 auis
466 3049 639 3108 colluctatio.
680 3050 746 3108 Jam
766 3051 879 3119 lascire,
893 3060 922 3109 et
940 3069 1065 3128 expuere

273 3143 385 3216 crebro,
412 3154 441 3204 et
466 3144 502 3204 ab
528 3145 586 3203 imo
611 3146 747 3222 pulmone
771 3146 904 3222 pituitam
928 3147 1065 3206 trochleia

274 3240 427 3316 adducere,
444 3252 476 3310 et
495 3243 552 3302 oris
572 3243 692 3318 humore
709 3244 854 3322 proximor
872 3263 1014 3324 spargere,
1034 3253 1065 3302 et

273 3338 410 3420 majorem
428 3348 538 3420 partem
562 3339 680 3420 spiritua
697 3341 730 3404 io
746 3340 892 3421 loquendo
910 3361 962 3422 per
979 3357 1066 3402 auca

511 3435 575 3496 11·
