2675 4009
442 617 864 674 msnonaroa.n1n.x1.2
996 616 1054 682 ltt

256 774 343 832 menti
358 793 416 834 non
431 775 537 847 afferat,
552 776 582 834 in
596 795 736 835 summam
751 777 787 836 ad
801 776 942 835 infinitum
963 797 1054 855 usqne

254 873 416 946 perveniat:
437 885 466 931 et
478 873 594 948 poetica
606 874 695 949 prius,
710 883 771 931 tam
791 885 946 948 oratorum,
960 876 1053 934 novis·

254 967 325 1025 sime
345 969 431 1026 etiam
452 969 588 1027 solutiora
607 969 743 1041 numeris,
764 980 793 1028 et
820 969 910 1048 magis
937 972 972 1029 ab
998 991 1052 1030 usu

253 1063 369 1122 dicendi
403 1077 521 1138 remota,
550 1065 644 1141 qualia
677 1079 744 1124 sunt
774 1067 1050 1142 jurisconsultorum.

253 1161 300 1218 42.
322 1161 493 1219 Difficilium
513 1162 590 1220 enim
611 1161 716 1219 debent
735 1181 808 1234 esse,
822 1183 886 1238 quae
905 1176 1050 1238 exercent,

254 1275 311 1332 quo
325 1259 362 1314 sit
374 1258 466 1316 levius
487 1259 578 1334 ipsum
600 1257 682 1329 illud,
698 1258 727 1315 in
748 1259 824 1333 quod
845 1276 996 1319 exercent:
1019 1272 1051 1320 ut

164 1411 168 1418 ,
255 1353 366 1412 athlete
380 1355 553 1431 ponderibus
566 1354 708 1430 plumbeis
725 1355 918 1413 assuefaciunt
939 1377 1049 1432 manus,

254 1449 357 1524 quibus
371 1451 469 1508 vacuis
483 1461 511 1508 et
525 1450 609 1508 nudis
624 1449 653 1506 in
668 1450 825 1508 certamine
840 1451 978 1508 utendum
997 1463 1049 1511 est

252 1545 283 1603 N
284 1565 320 1604 on
329 1547 458 1605 omittam
468 1547 563 1619 etiam,
575 1547 648 1623 quod
663 1546 837 1622 quotidianis
850 1547 1050 1623 experimentis

252 1643 482 1720 deprehenditur,
504 1643 622 1702 minime
642 1644 756 1702 fidelem
776 1662 838 1701 esse
858 1644 944 1720 paulo
963 1645 1050 1702 tardi·

251 1741 348 1799 oribus
362 1741 485 1818 ingeniis
498 1751 643 1799 recentem
653 1740 829 1798 memoriam.
870 1740 917 1798 43.
939 1739 1048 1800 Mirum

250 1837 330 1894 dictu
358 1847 410 1908 est,
436 1856 492 1894 nec
520 1837 550 1894 in
576 1847 690 1912 promtu
713 1824 800 1907 ratio,
827 1847 964 1910 quantum
991 1855 1049 1896 nox

251 1931 417 2006 interposita
432 1933 529 1989 afferat
549 1931 699 2002 firmitatis,
714 1932 773 1988 sive
793 1931 948 2005 requiescit
966 1932 1047 1990 labor

250 2027 307 2097 ille,
323 2028 404 2103 eujus
418 2015 472 2084 sibi
486 2027 548 2102 ipsa
561 2027 690 2103 fatigatio
710 2027 849 2096 obstabat,
863 2026 923 2084 sive
943 2045 1048 2085 conco·

250 2123 355 2198 quitur,
369 2141 420 2180 seu
448 2133 614 2194 maturatur,
635 2141 698 2196 quae
718 2122 880 2180 firmissima
899 2122 963 2200 ejus
981 2141 1047 2198 para

249 2229 301 2292 est,
315 2217 495 2278 recordatio:
516 2239 579 2295 quae
593 2217 689 2277 statim
709 2218 807 2276 referri
827 2237 885 2276 nou
905 2229 1044 2296 poterant,

249 2327 440 2375 contexuntur
453 2327 568 2392 postera
582 2315 638 2387 die,
653 2313 859 2390 confirmatque
880 2315 1045 2373 memoriam

248 2415 324 2473 idem
338 2413 408 2472 illud
422 2423 543 2489 tempus,
558 2411 634 2487 quod
648 2429 712 2469 esse
725 2411 755 2469 in
776 2431 864 2470 causa
883 2411 954 2470 solet
973 2411 1045 2470 obli·

247 2511 347 2570 vionis.
388 2511 435 2568 44,
457 2509 552 2568 Etiam
567 2509 616 2567 illa
628 2507 769 2585 praevelox
789 2509 847 2566 sere
868 2509 926 2566 cito
945 2508 1043 2582 effluit,

248 2617 286 2679 et,
308 2607 386 2666 velut
412 2605 544 2684 praesenti
572 2605 668 2664 officio
694 2605 793 2663 functa
811 2605 882 2662 nihil
904 2605 934 2662 in
954 2616 1044 2681 poste·

247 2721 310 2763 rum
324 2704 435 2775 debeat,
450 2713 583 2779 tanquam
605 2703 722 2760 dimissa
744 2701 873 2759 discedit.
914 2699 981 2758 Nec
1000 2711 1044 2759 est

247 2801 361 2874 mirum,
382 2800 600 2880 magishaerere
623 2799 729 2869 animo,
750 2781 812 2872 quae
833 2795 940 2853 diutius
961 2797 1043 2855 affixa

247 2897 312 2956 sint.

285 2991 332 3052 Ex
350 2994 406 3052 bac
425 2993 604 3071 ingeniorum
624 2991 787 3050 diversitate
808 2999 877 3047 nata
902 2988 1042 3050 dubitatio

246 3099 299 3163 est,
321 3090 361 3148 ad
385 3089 497 3148 verbam
522 3089 561 3147 sit
582 3089 756 3148 ediscendam
775 3086 906 3158 dicturis,
926 3105 965 3144 arr
984 3088 1041 3145 aim

246 3185 429 3246 moderarum
443 3195 527 3265 atque
541 3185 663 3244 ordinem
677 3183 819 3261 complecti
832 3183 905 3240 satis
924 3183 983 3241 sit.-
1003 3182 1040 3241 de

246 3301 303 3360 quo
316 3282 378 3341 sine
392 3283 480 3340 dubio
493 3299 552 3340 uon
571 3291 664 3357 potest
684 3280 714 3338 in
734 3279 896 3337 universum
915 3295 1040 3354 pronun·

246 3381 325 3440 ciart.
366 3381 413 3446 tt.
434 3377 512 3440 Nam
531 3378 556 3438 si
576 3377 715 3440 memoria
733 3377 912 3455 suillsgatnr,
925 3385 1039 3452 tempus
