2675 4009
304 575 360 636 118
495 589 498 596 ’
523 589 560 637 nr.
578 589 647 636 rin.
667 587 872 646 nummum

301 735 372 795 tun
397 735 456 796 rint
482 735 512 796 in
539 737 599 796 onie
625 737 831 797 oerteminibus
855 736 985 814 speciosa
1010 743 1105 811 etque

302 833 428 906 robusta,
455 833 479 892 si
505 835 628 892 militare
654 835 718 906 iter,
739 835 903 909 fueoemque
929 842 958 891 et
984 832 1103 908 vigilien

302 929 433 1006 imperes,
459 931 604 1004 definiant,
631 941 660 990 et
692 941 820 1008 querant
851 941 987 989 unetores
1017 947 1100 1000 euos,

301 1025 467 1101 nudumque
493 1027 634 1086 sudorem.
686 1029 735 1087 27.
768 1026 821 1084 ltla
841 1027 957 1102 quidem
983 1025 1014 1083 in
1040 1025 1101 1081 hoo

301 1137 387 1197 opere
412 1122 531 1199 principi
557 1124 621 1200 quis
647 1124 729 1195 ieret,
755 1123 885 1181 vitandos
910 1123 986 1180 soloe
1013 1131 1101 1196 utque

300 1227 409 1290 ventos,
437 1228 466 1277 et
491 1220 590 1278 nubile
616 1221 701 1279 etiem
729 1239 764 1278 oo
789 1219 954 1277 eiooitutesi
1001 1216 1046 1274 Ito
1074 1217 1100 1274 oi

300 1311 456 1373 uiuendum
469 1315 500 1373 iu
513 1316 584 1389 eolo,
599 1325 646 1375 out
660 1327 788 1389 ventoso,
799 1315 927 1386 humido,
939 1315 1035 1372 onlido
1049 1313 1100 1371 die

302 1409 398 1484 fuerit,
418 1429 484 1470 reos
503 1413 688 1470 deseremus?
713 1411 805 1470 -Nnm
824 1411 945 1469 crudum
970 1410 1099 1486 quidem,

303 1517 351 1566 tut
364 1519 501 1581 sutorum,
517 1509 698 1580 antemium,
714 1519 762 1567 aut
774 1509 868 1586 ejeoto
879 1507 966 1564 modo
979 1506 1099 1580 vomitu,

302 1623 366 1680 que
386 1605 513 1662 cavenda
540 1605 657 1679 quidam
681 1615 808 1677 monent,
828 1605 990 1687 deoinmnre
1008 1604 1101 1662 nerni-

301 1717 378 1772 nem,
393 1699 442 1776 qui
455 1701 493 1757 sit
506 1701 608 1758 mentis
622 1718 749 1777 compos,
762 1711 842 1779 puto.
881 1702 930 1760 28.
950 1700 1027 1758 ltlud
1039 1719 1100 1758 non

300 1794 364 1852 eine
377 1813 464 1853 eausa
482 1805 526 1854 eet
546 1796 581 1854 nb
601 1797 735 1855 omnibns
752 1808 937 1875 praeoeptnm,
950 1807 983 1855 ut
1000 1813 1102 1873 puror-

301 1899 348 1950 tur
361 1892 484 1951 maxime
497 1893 561 1952 roei
575 1893 605 1952 iu
619 1894 668 1953 itlo
683 1913 701 1952 a
718 1895 842 1972 pueritie
861 1895 892 1952 in
913 1894 1101 1952 adolescenti·

304 2005 349 2046 um
369 1990 500 2063 transitu,
521 1991 589 2066 quie
608 1992 779 2050 naturaliter
798 1991 962 2068 impeditur,
982 2009 1051 2063 non,
1066 1999 1100 2048 ut

303 2085 432 2160 arbitror,
452 2097 567 2164 propter
587 2089 723 2162 calorem,
745 2089 821 2164 quod
848 2088 964 2164 qnidam
982 2098 1100 2164 putave-

301 2193 369 2240 runt
377 2203 385 2254 ;
405 2199 471 2241 num
485 2194 529 2242 est
541 2184 630 2261 major
645 2185 732 2257 elies3
753 2185 806 2243 eod
818 2195 933 2260 propter
947 2183 1100 2241 humorem

301 2279 415 2354 potin13
436 2297 503 2337 nom
518 2280 574 2337 hoo
588 2289 657 2338 oetas
671 2280 721 2338 itta
738 2281 886 2358 turgeroit.
925 2279 975 2338 29.
997 2278 1099 2354 loque

301 2393 385 2432 neres
398 2375 493 2446 etium,
509 2393 542 2432 ao
554 2386 666 2450 peetus,
681 2395 717 2434 eo
729 2387 858 2452 tempore
877 2387 997 2448 tument,
1013 2386 1099 2451 atque

301 2469 398 2526 omnia
429 2469 507 2527 reiut
533 2471 705 2547 germinant,
732 2491 824 2547 eoque
851 2483 917 2531 sunt
943 2482 1043 2531 tenero
1068 2481 1099 2530 et

301 2565 412 2642 injurie
425 2565 557 2624 obnoxiu
598 2567 666 2640 Sed,
681 2577 714 2626 ut
728 2568 763 2624 nd
775 2570 951 2645 propositum
971 2569 1097 2641 redeam,

304 2661 363 2740 jum
377 2662 551 2721 confirmate
565 2664 784 2740 constitutaeque
793 2665 873 2723 rocio
886 2685 976 2743 genus
990 2667 1099 2724 exorci-

301 2759 418 2818 tationis
437 2757 576 2836 optimum
602 2759 689 2833 duno,
710 2761 785 2836 qnod
812 2771 856 2819 eet
881 2762 961 2837 operi
987 2761 1098 2818 similti-

300 2873 389 2928 mum,
416 2855 513 2914 dicere
539 2855 675 2931 quotidie,
702 2857 778 2914 siout
805 2858 921 2935 egimus.
963 2857 1098 2932 Namque

300 2950 357 3008 hoo
371 2951 457 3008 modo
476 2971 534 3010 non
554 2971 609 3010 vox
628 2961 738 3010 tantum
760 2955 944 3012 confirmatur
963 2963 992 3012 et
1011 2953 1096 3026 letus,

300 3044 450 3104 sedetiam
464 3048 591 3124 eorporis
604 3048 711 3106 deoeus
723 3059 753 3107 ot
766 3050 999 3108 accommodatus
1012 3051 1098 3108 orati·

301 3140 350 3200 oni
363 3151 458 3200 motus
471 3145 661 3221 componitur.

339 3235 386 3295 3⁰.
415 3235 485 3294 Non
500 3237 555 3295 eliu
568 3249 611 3296 est
631 3249 727 3300 eutem
745 3241 820 3300 ratio
838 3240 1094 3318 pronunciationis,

300 3351 387 3410 quem
400 3332 490 3411 ipsius
503 3334 650 3396 orationis.
