<?xml version="1.0" encoding="UTF-8"?>
<!DOCTYPE html PUBLIC "-//W3C//DTD XHTML 1.0 Transitional//EN"
    "http://www.w3.org/TR/xhtml1/DTD/xhtml1-transitional.dtd">
<html xmlns="http://www.w3.org/1999/xhtml" xml:lang="en" lang="en">
 <head>
  <title>
</title>
<meta http-equiv="Content-Type" content="text/html;charset=utf-8" />
  <meta name='ocr-system' content='tesseract 3.04.00' />
  <meta name='ocr-capabilities' content='ocr_page ocr_carea ocr_par ocr_line ocrx_word'/>
</head>
<body>
  <div class='ocr_page' id='page_1' title='image "./mfabiiquintilia00dillgoog_0136.png"; bbox 0 0 2675 4009; ppageno 0'>
   <div class='ocr_carea' id='block_1_1' title="bbox 303 565 869 629">
    <p class='ocr_par' dir='ltr' id='par_1_1' title="bbox 303 565 869 629">
     <span class='ocr_line' id='line_1_1' title="bbox 303 565 869 629; baseline -0.014 -3"><span class='ocrx_word' id='word_1_1' title='bbox 303 565 359 626; x_wconf 63' lang='grc' dir='ltr'>ιω</span> <span class='ocrx_word' id='word_1_2' title='bbox 521 571 869 629; x_wconf 77' lang='lat' dir='ltr'>nr.ma.cumnm1mr</span> 
     </span>
    </p>
   </div>
   <div class='ocr_carea' id='block_1_2' title="bbox 295 722 1104 3396">
    <p class='ocr_par' dir='ltr' id='par_1_2' title="bbox 295 722 1098 1372">
     <span class='ocr_line' id='line_1_2' title="bbox 301 722 1098 799; baseline 0.003 -19"><span class='ocrx_word' id='word_1_3' title='bbox 301 722 456 797; x_wconf 81' lang='lat' dir='ltr'>annuendi,</span> <span class='ocrx_word' id='word_1_4' title='bbox 470 722 618 793; x_wconf 83' lang='lat' dir='ltr'>renuendi,</span> <span class='ocrx_word' id='word_1_5' title='bbox 639 722 883 799; x_wconf 78' lang='lat' dir='ltr'>confirmandique</span> <span class='ocrx_word' id='word_1_6' title='bbox 903 731 1007 795; x_wconf 85' lang='lat' dir='ltr'>motus,</span> <span class='ocrx_word' id='word_1_7' title='bbox 1026 733 1098 783; x_wconf 82' lang='lat' dir='ltr'>sunt</span> 
     </span>
     <span class='ocr_line' id='line_1_3' title="bbox 299 819 1098 891; baseline 0.003 -15"><span class='ocrx_word' id='word_1_8' title='bbox 299 829 330 877; x_wconf 84' lang='lat' dir='ltr'>et</span> <span class='ocrx_word' id='word_1_9' title='bbox 342 819 530 890; x_wconf 73' lang='lat' dir='ltr'>verecundia,</span> <span class='ocrx_word' id='word_1_10' title='bbox 545 828 575 876; x_wconf 87' lang='lat' dir='ltr'>et</span> <span class='ocrx_word' id='word_1_11' title='bbox 587 819 783 891; x_wconf 84' lang='lat' dir='ltr'>dubitationis,</span> <span class='ocrx_word' id='word_1_12' title='bbox 797 829 826 876; x_wconf 84' lang='lat' dir='ltr'>st</span> <span class='ocrx_word' id='word_1_13' title='bbox 847 819 1050 890; x_wconf 73' lang='lat' dir='ltr'>admirationis,</span> <span class='ocrx_word' id='word_1_14' title='bbox 1066 829 1098 878; x_wconf 80' lang='lat' dir='ltr'>ct</span> 
     </span>
     <span class='ocr_line' id='line_1_4' title="bbox 301 914 1098 992; baseline 0 -20"><span class='ocrx_word' id='word_1_15' title='bbox 301 914 505 992; x_wconf 80' lang='lat' dir='ltr'>indignationis</span> <span class='ocrx_word' id='word_1_16' title='bbox 526 914 588 972; x_wconf 90' lang='lat' dir='ltr'>uoti</span> <span class='ocrx_word' id='word_1_17' title='bbox 608 925 636 972; x_wconf 85' lang='lat' dir='ltr'>et</span> <span class='ocrx_word' id='word_1_18' title='bbox 656 933 824 973; x_wconf 81' lang='lat' dir='ltr'>communes</span> <span class='ocrx_word' id='word_1_19' title='bbox 841 915 982 973; x_wconf 84' lang='lat' dir='ltr'>omuibus</span> <span class='ocrx_word' id='word_1_20' title='bbox 1022 916 1098 972; x_wconf 87' lang='lat' dir='ltr'>Solo</span> 
     </span>
     <span class='ocr_line' id='line_1_5' title="bbox 300 1010 1097 1088; baseline 0.001 -20"><span class='ocrx_word' id='word_1_21' title='bbox 300 1021 395 1068; x_wconf 85' lang='lat' dir='ltr'>tamen</span> <span class='ocrx_word' id='word_1_22' title='bbox 409 1029 445 1068; x_wconf 85' lang='lat' dir='ltr'>co</span> <span class='ocrx_word' id='word_1_23' title='bbox 459 1010 553 1068; x_wconf 82' lang='lat' dir='ltr'>lacere</span> <span class='ocrx_word' id='word_1_24' title='bbox 572 1021 684 1088; x_wconf 81' lang='lat' dir='ltr'>gestum</span> <span class='ocrx_word' id='word_1_25' title='bbox 704 1012 814 1070; x_wconf 84' lang='lat' dir='ltr'>scenici</span> <span class='ocrx_word' id='word_1_26' title='bbox 834 1029 948 1087; x_wconf 83' lang='lat' dir='ltr'>quoquc</span> <span class='ocrx_word' id='word_1_27' title='bbox 960 1012 1097 1069; x_wconf 82' lang='lat' dir='ltr'>doctores</span> 
     </span>
     <span class='ocr_line' id='line_1_6' title="bbox 299 1107 1097 1184; baseline 0.001 -21"><span class='ocrx_word' id='word_1_28' title='bbox 299 1107 432 1164; x_wconf 83' lang='lat' dir='ltr'>vitiosum</span> <span class='ocrx_word' id='word_1_29' title='bbox 445 1117 623 1182; x_wconf 78' lang='lat' dir='ltr'>putaverunt.</span> <span class='ocrx_word' id='word_1_30' title='bbox 663 1108 761 1165; x_wconf 86' lang='lat' dir='ltr'>Etiam</span> <span class='ocrx_word' id='word_1_31' title='bbox 773 1108 907 1182; x_wconf 73' lang='lat' dir='ltr'>frequens</span> <span class='ocrx_word' id='word_1_32' title='bbox 925 1108 987 1184; x_wconf 82' lang='lat' dir='ltr'>ejus</span> <span class='ocrx_word' id='word_1_33' title='bbox 1005 1117 1097 1164; x_wconf 86' lang='lat' dir='ltr'>nutus</span> 
     </span>
     <span class='ocr_line' id='line_1_7' title="bbox 295 1203 1098 1280; baseline 0 -20"><span class='ocrx_word' id='word_1_34' title='bbox 295 1217 358 1260; x_wconf 89' lang='lat' dir='ltr'>uon</span> <span class='ocrx_word' id='word_1_35' title='bbox 378 1213 457 1262; x_wconf 83' lang='lat' dir='ltr'>caret</span> <span class='ocrx_word' id='word_1_36' title='bbox 476 1203 562 1262; x_wconf 86' lang='lat' dir='ltr'>vitio:</span> <span class='ocrx_word' id='word_1_37' title='bbox 578 1205 649 1262; x_wconf 85' lang='lat' dir='ltr'>adeo</span> <span class='ocrx_word' id='word_1_38' title='bbox 659 1204 769 1280; x_wconf 84' lang='lat' dir='ltr'>jactare</span> <span class='ocrx_word' id='word_1_39' title='bbox 781 1204 821 1276; x_wconf 93' lang='lat' dir='ltr'>id,</span> <span class='ocrx_word' id='word_1_40' title='bbox 835 1214 864 1262; x_wconf 84' lang='lat' dir='ltr'>st</span> <span class='ocrx_word' id='word_1_41' title='bbox 877 1221 974 1262; x_wconf 82' lang='lat' dir='ltr'>comas</span> <span class='ocrx_word' id='word_1_42' title='bbox 985 1203 1098 1261; x_wconf 80' lang='lat' dir='ltr'>excuti·</span> 
     </span>
     <span class='ocr_line' id='line_1_8' title="bbox 299 1300 748 1372; baseline 0.004 -16"><span class='ocrx_word' id='word_1_43' title='bbox 299 1308 395 1358; x_wconf 83' lang='lat' dir='ltr'>cutem</span> <span class='ocrx_word' id='word_1_44' title='bbox 409 1314 512 1372; x_wconf 81' lang='lat' dir='ltr'>rotare,</span> <span class='ocrx_word' id='word_1_45' title='bbox 527 1300 684 1358; x_wconf 83' lang='lat' dir='ltr'>fanaticum</span> <span class='ocrx_word' id='word_1_46' title='bbox 697 1310 748 1358; x_wconf 84' lang='lat' dir='ltr'>ost</span> 
     </span>
    </p>

    <p class='ocr_par' dir='ltr' id='par_1_3' title="bbox 296 1391 1104 3396">
     <span class='ocr_line' id='line_1_9' title="bbox 296 1391 1098 1454; baseline -0.001 -2"><span class='ocrx_word' id='word_1_47' title='bbox 296 1445 299 1452; x_wconf 32' lang='lat' dir='ltr'>i</span> <span class='ocrx_word' id='word_1_48' title='bbox 338 1393 385 1451; x_wconf 75' lang='lat'>72.</span> <span class='ocrx_word' id='word_1_49' title='bbox 412 1393 585 1454; x_wconf 86' lang='lat' dir='ltr'>Dominatur</span> <span class='ocrx_word' id='word_1_50' title='bbox 612 1404 708 1452; x_wconf 83' lang='lat' dir='ltr'>autem</span> <span class='ocrx_word' id='word_1_51' title='bbox 734 1393 857 1452; x_wconf 81' lang='lat' dir='ltr'>maxime</span> <span class='ocrx_word' id='word_1_52' title='bbox 881 1393 985 1451; x_wconf 82' lang='lat' dir='ltr'>vultus.</span> <span class='ocrx_word' id='word_1_53' title='bbox 1024 1391 1098 1451; x_wconf 91' lang='lat' dir='ltr'>Hoc</span> 
     </span>
     <span class='ocr_line' id='line_1_10' title="bbox 298 1487 1097 1566; baseline -0.004 -18"><span class='ocrx_word' id='word_1_54' title='bbox 298 1490 452 1566; x_wconf 82' lang='lat' dir='ltr'>supplices,</span> <span class='ocrx_word' id='word_1_55' title='bbox 473 1490 529 1547; x_wconf 88' lang='lat' dir='ltr'>hoc</span> <span class='ocrx_word' id='word_1_56' title='bbox 548 1490 686 1561; x_wconf 80' lang='lat' dir='ltr'>minaces,</span> <span class='ocrx_word' id='word_1_57' title='bbox 707 1489 764 1546; x_wconf 90' lang='lat' dir='ltr'>hoc</span> <span class='ocrx_word' id='word_1_58' title='bbox 785 1489 892 1562; x_wconf 84' lang='lat' dir='ltr'>blaudi,</span> <span class='ocrx_word' id='word_1_59' title='bbox 913 1490 969 1546; x_wconf 89' lang='lat' dir='ltr'>hoc</span> <span class='ocrx_word' id='word_1_60' title='bbox 987 1487 1097 1557; x_wconf 75' lang='lat' dir='ltr'>tristes,</span> 
     </span>
     <span class='ocr_line' id='line_1_11' title="bbox 296 1584 1099 1656; baseline 0.001 -14"><span class='ocrx_word' id='word_1_61' title='bbox 296 1584 354 1642; x_wconf 77' lang='lat' dir='ltr'>hoc</span> <span class='ocrx_word' id='word_1_62' title='bbox 368 1585 480 1656; x_wconf 84' lang='lat' dir='ltr'>hilares,</span> <span class='ocrx_word' id='word_1_63' title='bbox 495 1585 550 1642; x_wconf 91' lang='lat' dir='ltr'>hoc</span> <span class='ocrx_word' id='word_1_64' title='bbox 563 1585 661 1656; x_wconf 85' lang='lat' dir='ltr'>erecti,</span> <span class='ocrx_word' id='word_1_65' title='bbox 676 1585 733 1642; x_wconf 89' lang='lat' dir='ltr'>hoc</span> <span class='ocrx_word' id='word_1_66' title='bbox 745 1585 889 1643; x_wconf 80' lang='lat' dir='ltr'>summissi</span> <span class='ocrx_word' id='word_1_67' title='bbox 902 1603 1017 1643; x_wconf 89' lang='lat' dir='ltr'>sumus:</span> <span class='ocrx_word' id='word_1_68' title='bbox 1036 1585 1099 1643; x_wconf 84' lang='lat' dir='ltr'>hoc</span> 
     </span>
     <span class='ocr_line' id='line_1_12' title="bbox 296 1679 1098 1757; baseline 0.002 -21"><span class='ocrx_word' id='word_1_69' title='bbox 296 1680 422 1756; x_wconf 84' lang='lat' dir='ltr'>pendent</span> <span class='ocrx_word' id='word_1_70' title='bbox 436 1679 573 1751; x_wconf 84' lang='lat' dir='ltr'>homiues,</span> <span class='ocrx_word' id='word_1_71' title='bbox 588 1680 666 1737; x_wconf 91' lang='lat' dir='ltr'>huuc</span> <span class='ocrx_word' id='word_1_72' title='bbox 685 1679 841 1753; x_wconf 82' lang='lat' dir='ltr'>intuentur,</span> <span class='ocrx_word' id='word_1_73' title='bbox 856 1683 934 1740; x_wconf 88' lang='lat' dir='ltr'>huuc</span> <span class='ocrx_word' id='word_1_74' title='bbox 953 1690 1098 1757; x_wconf 83' lang='lat' dir='ltr'>spectant,</span> 
     </span>
     <span class='ocr_line' id='line_1_13' title="bbox 296 1775 1098 1853; baseline 0 -19"><span class='ocrx_word' id='word_1_75' title='bbox 296 1775 383 1834; x_wconf 79' lang='lat' dir='ltr'>etiam</span> <span class='ocrx_word' id='word_1_76' title='bbox 397 1785 547 1852; x_wconf 84' lang='lat' dir='ltr'>autequam</span> <span class='ocrx_word' id='word_1_77' title='bbox 561 1775 700 1834; x_wconf 78' lang='lat' dir='ltr'>dicimus:</span> <span class='ocrx_word' id='word_1_78' title='bbox 721 1777 778 1834; x_wconf 87' lang='lat' dir='ltr'>boc</span> <span class='ocrx_word' id='word_1_79' title='bbox 797 1778 935 1853; x_wconf 79' lang='lat' dir='ltr'>quosdam</span> <span class='ocrx_word' id='word_1_80' title='bbox 956 1795 1098 1850; x_wconf 89' lang='lat' dir='ltr'>amamus,</span> 
     </span>
     <span class='ocr_line' id='line_1_14' title="bbox 296 1872 1098 1953; baseline 0 -21"><span class='ocrx_word' id='word_1_81' title='bbox 296 1872 354 1932; x_wconf 87' lang='lat' dir='ltr'>hoc</span> <span class='ocrx_word' id='word_1_82' title='bbox 380 1872 510 1930; x_wconf 89' lang='lat' dir='ltr'>odimus:</span> <span class='ocrx_word' id='word_1_83' title='bbox 539 1872 596 1932; x_wconf 92' lang='lat' dir='ltr'>hoc</span> <span class='ocrx_word' id='word_1_84' title='bbox 615 1874 739 1950; x_wconf 81' lang='lat' dir='ltr'>plurima</span> <span class='ocrx_word' id='word_1_85' title='bbox 758 1875 954 1953; x_wconf 82' lang='lat' dir='ltr'>intelligimus,</span> <span class='ocrx_word' id='word_1_86' title='bbox 975 1875 1023 1932; x_wconf 90' lang='lat' dir='ltr'>hic</span> <span class='ocrx_word' id='word_1_87' title='bbox 1048 1883 1098 1932; x_wconf 79' lang='lat' dir='ltr'>cst</span> 
     </span>
     <span class='ocr_line' id='line_1_15' title="bbox 296 1970 1097 2048; baseline 0 -19"><span class='ocrx_word' id='word_1_88' title='bbox 296 1987 374 2045; x_wconf 76' lang='lat' dir='ltr'>sape</span> <span class='ocrx_word' id='word_1_89' title='bbox 387 1988 438 2046; x_wconf 88' lang='lat' dir='ltr'>pro</span> <span class='ocrx_word' id='word_1_90' title='bbox 452 1970 586 2030; x_wconf 88' lang='lat' dir='ltr'>omuibus</span> <span class='ocrx_word' id='word_1_91' title='bbox 598 1971 701 2030; x_wconf 84' lang='lat' dir='ltr'>verbis.</span> <span class='ocrx_word' id='word_1_92' title='bbox 742 1972 790 2030; x_wconf 80' lang='lat'>73.</span> <span class='ocrx_word' id='word_1_93' title='bbox 810 1971 911 2048; x_wconf 82' lang='lat' dir='ltr'>Itaque</span> <span class='ocrx_word' id='word_1_94' title='bbox 925 1972 955 2030; x_wconf 92' lang='lat' dir='ltr'>iu</span> <span class='ocrx_word' id='word_1_95' title='bbox 969 1972 1014 2043; x_wconf 88' lang='lat' dir='ltr'>iis,</span> <span class='ocrx_word' id='word_1_96' title='bbox 1028 1987 1097 2046; x_wconf 77' lang='lat' dir='ltr'>quas</span> 
     </span>
     <span class='ocr_line' id='line_1_16' title="bbox 298 2068 1100 2146; baseline 0 -20"><span class='ocrx_word' id='word_1_97' title='bbox 298 2068 333 2126; x_wconf 86' lang='lat' dir='ltr'>ad</span> <span class='ocrx_word' id='word_1_98' title='bbox 347 2086 462 2127; x_wconf 82' lang='lat' dir='ltr'>scenam</span> <span class='ocrx_word' id='word_1_99' title='bbox 477 2080 697 2146; x_wconf 87' lang='lat' dir='ltr'>componuntur,</span> <span class='ocrx_word' id='word_1_100' title='bbox 711 2069 815 2128; x_wconf 80' lang='lat' dir='ltr'>sabulis</span> <span class='ocrx_word' id='word_1_101' title='bbox 828 2071 952 2128; x_wconf 83' lang='lat' dir='ltr'>artifices</span> <span class='ocrx_word' id='word_1_102' title='bbox 969 2087 1100 2146; x_wconf 82' lang='lat' dir='ltr'>pronun·</span> 
     </span>
     <span class='ocr_line' id='line_1_17' title="bbox 298 2165 1100 2243; baseline 0.002 -21"><span class='ocrx_word' id='word_1_103' title='bbox 298 2165 393 2222; x_wconf 89' lang='lat' dir='ltr'>ciaudi</span> <span class='ocrx_word' id='word_1_104' title='bbox 409 2167 566 2242; x_wconf 82' lang='lat' dir='ltr'>apersouis</span> <span class='ocrx_word' id='word_1_105' title='bbox 586 2185 700 2243; x_wconf 84' lang='lat' dir='ltr'>quoque</span> <span class='ocrx_word' id='word_1_106' title='bbox 720 2167 838 2224; x_wconf 82' lang='lat' dir='ltr'>affectus</span> <span class='ocrx_word' id='word_1_107' title='bbox 857 2176 1041 2224; x_wconf 73' lang='lat' dir='ltr'>mutuanturt</span> <span class='ocrx_word' id='word_1_108' title='bbox 1060 2176 1100 2224; x_wconf 86' lang='lat' dir='ltr'>ut</span> 
     </span>
     <span class='ocr_line' id='line_1_18' title="bbox 297 2261 1101 2338; baseline -0.001 -18"><span class='ocrx_word' id='word_1_109' title='bbox 297 2262 334 2320; x_wconf 85' lang='lat' dir='ltr'>sit</span> <span class='ocrx_word' id='word_1_110' title='bbox 347 2261 459 2337; x_wconf 73' lang='lat' dir='ltr'>Adropc</span> <span class='ocrx_word' id='word_1_111' title='bbox 474 2262 503 2320; x_wconf 90' lang='lat' dir='ltr'>iu</span> <span class='ocrx_word' id='word_1_112' title='bbox 518 2263 656 2338; x_wconf 85' lang='lat' dir='ltr'>tragoedia</span> <span class='ocrx_word' id='word_1_113' title='bbox 674 2263 779 2334; x_wconf 68' lang='lat' dir='ltr'>tristis,</span> <span class='ocrx_word' id='word_1_114' title='bbox 793 2271 875 2319; x_wconf 68' lang='lat' dir='ltr'>utros</span> <span class='ocrx_word' id='word_1_115' title='bbox 895 2261 1005 2331; x_wconf 72' lang='lat' dir='ltr'>Medea,</span> <span class='ocrx_word' id='word_1_116' title='bbox 1019 2269 1101 2320; x_wconf 73' lang='lat' dir='ltr'>utto·</span> 
     </span>
     <span class='ocr_line' id='line_1_19' title="bbox 296 2354 1104 2432; baseline -0.002 -18"><span class='ocrx_word' id='word_1_117' title='bbox 296 2358 375 2414; x_wconf 75' lang='lat' dir='ltr'>siras</span> <span class='ocrx_word' id='word_1_118' title='bbox 388 2357 478 2432; x_wconf 75' lang='lat' dir='ltr'>Ajuc,</span> <span class='ocrx_word' id='word_1_119' title='bbox 495 2358 671 2414; x_wconf 79' lang='lat' dir='ltr'>truculentus</span> <span class='ocrx_word' id='word_1_120' title='bbox 683 2357 832 2414; x_wconf 73' lang='lat' dir='ltr'>Hercules.</span> <span class='ocrx_word' id='word_1_121' title='bbox 872 2356 920 2412; x_wconf 82' lang='grc'>74.</span> <span class='ocrx_word' id='word_1_122' title='bbox 939 2354 975 2410; x_wconf 93' lang='lat' dir='ltr'>Iu</span> <span class='ocrx_word' id='word_1_123' title='bbox 989 2373 1104 2412; x_wconf 78' lang='lat' dir='ltr'>comoe·</span> 
     </span>
     <span class='ocr_line' id='line_1_20' title="bbox 296 2450 1100 2526; baseline 0.001 -18"><span class='ocrx_word' id='word_1_124' title='bbox 296 2452 352 2508; x_wconf 90' lang='lat' dir='ltr'>diis</span> <span class='ocrx_word' id='word_1_125' title='bbox 371 2469 439 2508; x_wconf 86' lang='lat' dir='ltr'>vero</span> <span class='ocrx_word' id='word_1_126' title='bbox 457 2460 559 2526; x_wconf 71' lang='lat' dir='ltr'>prater</span> <span class='ocrx_word' id='word_1_127' title='bbox 579 2451 664 2508; x_wconf 86' lang='lat' dir='ltr'>sliam</span> <span class='ocrx_word' id='word_1_128' title='bbox 684 2450 918 2520; x_wconf 84' lang='lat' dir='ltr'>observationem,</span> <span class='ocrx_word' id='word_1_129' title='bbox 932 2467 989 2524; x_wconf 89' lang='lat' dir='ltr'>qua</span> <span class='ocrx_word' id='word_1_130' title='bbox 1007 2451 1100 2525; x_wconf 78' lang='lat' dir='ltr'>servi,</span> 
     </span>
     <span class='ocr_line' id='line_1_21' title="bbox 296 2544 1098 2623; baseline -0.002 -17"><span class='ocrx_word' id='word_1_131' title='bbox 296 2549 423 2618; x_wconf 85' lang='lat' dir='ltr'>lenones,</span> <span class='ocrx_word' id='word_1_132' title='bbox 451 2545 576 2623; x_wconf 79' lang='lat' dir='ltr'>parasiti,</span> <span class='ocrx_word' id='word_1_133' title='bbox 603 2545 714 2617; x_wconf 77' lang='lat' dir='ltr'>rustici,</span> <span class='ocrx_word' id='word_1_134' title='bbox 741 2544 856 2616; x_wconf 82' lang='lat' dir='ltr'>milites,</span> <span class='ocrx_word' id='word_1_135' title='bbox 892 2545 1098 2620; x_wconf 65' lang='lat' dir='ltr'>meretriculas,</span> 
     </span>
     <span class='ocr_line' id='line_1_22' title="bbox 298 2640 1097 2717; baseline -0.003 -14"><span class='ocrx_word' id='word_1_136' title='bbox 298 2643 419 2711; x_wconf 74' lang='lat' dir='ltr'>ancilla,</span> <span class='ocrx_word' id='word_1_137' title='bbox 434 2659 517 2700; x_wconf 83' lang='lat' dir='ltr'>senes</span> <span class='ocrx_word' id='word_1_138' title='bbox 531 2642 635 2700; x_wconf 84' lang='lat' dir='ltr'>austeri</span> <span class='ocrx_word' id='word_1_139' title='bbox 650 2641 790 2711; x_wconf 78' lang='lat' dir='ltr'>scuritas,</span> <span class='ocrx_word' id='word_1_140' title='bbox 808 2640 927 2717; x_wconf 80' lang='lat' dir='ltr'>juvenes</span> <span class='ocrx_word' id='word_1_141' title='bbox 946 2642 1037 2700; x_wconf 82' lang='lat' dir='ltr'>severi</span> <span class='ocrx_word' id='word_1_142' title='bbox 1057 2659 1097 2701; x_wconf 80' lang='lat' dir='ltr'>uc</span> 
     </span>
     <span class='ocr_line' id='line_1_23' title="bbox 297 2740 1095 2816; baseline -0.009 -12"><span class='ocrx_word' id='word_1_143' title='bbox 297 2743 444 2815; x_wconf 84' lang='lat' dir='ltr'>luxuriosi,</span> <span class='ocrx_word' id='word_1_144' title='bbox 458 2752 603 2812; x_wconf 70' lang='lat' dir='ltr'>matrona,</span> <span class='ocrx_word' id='word_1_145' title='bbox 616 2741 728 2816; x_wconf 76' lang='lat' dir='ltr'>puellm,</span> <span class='ocrx_word' id='word_1_146' title='bbox 743 2740 817 2798; x_wconf 86' lang='lat' dir='ltr'>iuter</span> <span class='ocrx_word' id='word_1_147' title='bbox 830 2759 863 2798; x_wconf 84' lang='lat' dir='ltr'>sc</span> <span class='ocrx_word' id='word_1_148' title='bbox 881 2741 1095 2814; x_wconf 83' lang='lat' dir='ltr'>discemuutur,</span> 
     </span>
     <span class='ocr_line' id='line_1_24' title="bbox 296 2837 1096 2917; baseline -0.004 -19"><span class='ocrx_word' id='word_1_149' title='bbox 296 2851 376 2917; x_wconf 77' lang='lat' dir='ltr'>puter</span> <span class='ocrx_word' id='word_1_150' title='bbox 391 2840 448 2912; x_wconf 86' lang='lat' dir='ltr'>illc,</span> <span class='ocrx_word' id='word_1_151' title='bbox 462 2839 543 2916; x_wconf 88' lang='lat' dir='ltr'>cujus</span> <span class='ocrx_word' id='word_1_152' title='bbox 562 2837 713 2914; x_wconf 74' lang='lat' dir='ltr'>prucipuas</span> <span class='ocrx_word' id='word_1_153' title='bbox 733 2847 827 2913; x_wconf 83' lang='lat' dir='ltr'>partes</span> <span class='ocrx_word' id='word_1_154' title='bbox 846 2847 921 2909; x_wconf 87' lang='lat' dir='ltr'>sunt,</span> <span class='ocrx_word' id='word_1_155' title='bbox 935 2837 1004 2912; x_wconf 84' lang='lat' dir='ltr'>quia</span> <span class='ocrx_word' id='word_1_156' title='bbox 1022 2837 1096 2895; x_wconf 83' lang='lat' dir='ltr'>intc-</span> 
     </span>
     <span class='ocr_line' id='line_1_25' title="bbox 297 2933 1093 3006; baseline -0.004 -13"><span class='ocrx_word' id='word_1_157' title='bbox 297 2936 353 2994; x_wconf 89' lang='lat' dir='ltr'>rim</span> <span class='ocrx_word' id='word_1_158' title='bbox 372 2937 542 3006; x_wconf 88' lang='lat' dir='ltr'>concitatus,</span> <span class='ocrx_word' id='word_1_159' title='bbox 563 2934 678 2992; x_wconf 86' lang='lat' dir='ltr'>interim</span> <span class='ocrx_word' id='word_1_160' title='bbox 703 2933 777 2992; x_wconf 82' lang='lat' dir='ltr'>louis</span> <span class='ocrx_word' id='word_1_161' title='bbox 802 2943 855 3005; x_wconf 84' lang='lat' dir='ltr'>est,</span> <span class='ocrx_word' id='word_1_162' title='bbox 876 2934 966 2992; x_wconf 80' lang='lat' dir='ltr'>altaro</span> <span class='ocrx_word' id='word_1_163' title='bbox 984 2943 1093 3006; x_wconf 75' lang='lat' dir='ltr'>erecto,</span> 
     </span>
     <span class='ocr_line' id='line_1_26' title="bbox 299 3027 1094 3108; baseline -0.001 -20"><span class='ocrx_word' id='word_1_164' title='bbox 299 3031 388 3088; x_wconf 89' lang='lat' dir='ltr'>altero</span> <span class='ocrx_word' id='word_1_165' title='bbox 402 3032 560 3108; x_wconf 87' lang='lat' dir='ltr'>composito</span> <span class='ocrx_word' id='word_1_166' title='bbox 574 3040 617 3089; x_wconf 84' lang='lat' dir='ltr'>est</span> <span class='ocrx_word' id='word_1_167' title='bbox 629 3031 801 3106; x_wconf 85' lang='lat' dir='ltr'>supercilio:</span> <span class='ocrx_word' id='word_1_168' title='bbox 822 3040 907 3104; x_wconf 85' lang='lat' dir='ltr'>atquc</span> <span class='ocrx_word' id='word_1_169' title='bbox 920 3030 950 3088; x_wconf 91' lang='lat' dir='ltr'>id</span> <span class='ocrx_word' id='word_1_170' title='bbox 963 3027 1094 3088; x_wconf 60' lang='lat' dir='ltr'>amends-</span> 
     </span>
     <span class='ocr_line' id='line_1_27' title="bbox 298 3127 1092 3201; baseline -0.003 -15"><span class='ocrx_word' id='word_1_171' title='bbox 298 3145 329 3186; x_wconf 74' lang='grc' dir='ltr'>τε</span> <span class='ocrx_word' id='word_1_172' title='bbox 349 3127 472 3185; x_wconf 82' lang='lat' dir='ltr'>maxims</span> <span class='ocrx_word' id='word_1_173' title='bbox 491 3128 565 3186; x_wconf 85' lang='lat' dir='ltr'>latus</span> <span class='ocrx_word' id='word_1_174' title='bbox 586 3128 730 3184; x_wconf 87' lang='lat' dir='ltr'>actoribus</span> <span class='ocrx_word' id='word_1_175' title='bbox 748 3127 836 3184; x_wconf 89' lang='lat' dir='ltr'>moris</span> <span class='ocrx_word' id='word_1_176' title='bbox 856 3141 908 3195; x_wconf 85' lang='lat' dir='ltr'>est,</span> <span class='ocrx_word' id='word_1_177' title='bbox 929 3127 1005 3201; x_wconf 89' lang='lat' dir='ltr'>quod</span> <span class='ocrx_word' id='word_1_178' title='bbox 1025 3145 1092 3184; x_wconf 92' lang='lat' dir='ltr'>cum</span> 
     </span>
     <span class='ocr_line' id='line_1_28' title="bbox 298 3223 1091 3300; baseline -0.004 -17"><span class='ocrx_word' id='word_1_179' title='bbox 298 3225 343 3296; x_wconf 87' lang='lat' dir='ltr'>iis,</span> <span class='ocrx_word' id='word_1_180' title='bbox 364 3241 434 3298; x_wconf 86' lang='lat' dir='ltr'>quas</span> <span class='ocrx_word' id='word_1_181' title='bbox 461 3234 558 3298; x_wconf 82' lang='lat' dir='ltr'>agunt,</span> <span class='ocrx_word' id='word_1_182' title='bbox 578 3224 707 3298; x_wconf 85' lang='lat' dir='ltr'>partibus</span> <span class='ocrx_word' id='word_1_183' title='bbox 726 3232 874 3300; x_wconf 75' lang='lat' dir='ltr'>congruat</span> <span class='ocrx_word' id='word_1_184' title='bbox 914 3225 961 3280; x_wconf 80' lang='lat'>75.</span> <span class='ocrx_word' id='word_1_185' title='bbox 983 3223 1041 3280; x_wconf 81' lang='lat' dir='ltr'>Sed</span> <span class='ocrx_word' id='word_1_186' title='bbox 1060 3223 1091 3280; x_wconf 93' lang='lat' dir='ltr'>iu</span> 
     </span>
     <span class='ocr_line' id='line_1_29' title="bbox 298 3317 1091 3396; baseline -0.001 -18"><span class='ocrx_word' id='word_1_187' title='bbox 298 3319 360 3396; x_wconf 82' lang='lat' dir='ltr'>ipso</span> <span class='ocrx_word' id='word_1_188' title='bbox 373 3317 452 3378; x_wconf 82' lang='lat' dir='ltr'>vultu</span> <span class='ocrx_word' id='word_1_189' title='bbox 471 3317 626 3394; x_wconf 89' lang='lat' dir='ltr'>plurimum</span> <span class='ocrx_word' id='word_1_190' title='bbox 645 3319 741 3378; x_wconf 79' lang='lat' dir='ltr'>salcut</span> <span class='ocrx_word' id='word_1_191' title='bbox 752 3318 840 3391; x_wconf 91' lang='lat' dir='ltr'>oculi,</span> <span class='ocrx_word' id='word_1_192' title='bbox 853 3335 905 3395; x_wconf 83' lang='lat' dir='ltr'>pcr</span> <span class='ocrx_word' id='word_1_193' title='bbox 919 3337 992 3396; x_wconf 90' lang='lat' dir='ltr'>quos</span> <span class='ocrx_word' id='word_1_194' title='bbox 1003 3318 1091 3377; x_wconf 77' lang='lat' dir='ltr'>mui-</span> 
     </span>
    </p>
   </div>
   <div class='ocr_carea' id='block_1_3' title="bbox 0 0 1343 4009">
    <p class='ocr_par' dir='ltr' id='par_1_4' title="bbox 0 0 1343 4009">
     <span class='ocr_line' id='line_1_30' title="bbox 0 0 1343 4009; baseline 0 0"><span class='ocrx_word' id='word_1_195' title='bbox 0 0 1343 4009; x_wconf 95' lang='lat' dir='ltr'> </span> 
     </span>
    </p>
   </div>
  </div>
 </body>
</html>
