2675 4009
276 603 318 666 56
499 615 535 663 ri.
555 613 624 663 ris.
646 613 851 674 cummunio

278 767 405 840 redeant,
419 777 448 826 et
467 767 549 843 quasi
569 765 640 825 nihil
660 765 703 825 t'as
722 767 759 824 sit
778 777 887 824 rectum
908 784 979 839 esse,
995 765 1072 842 quod

277 863 400 939 primum
414 874 466 935 est,
478 864 580 920 melius
593 864 764 935 existiment,
776 863 912 938 quidquid
927 872 970 920 cst
984 858 1071 936 sliud,

278 959 364 1035 idque
378 960 494 1032 faciant,
508 960 619 1036 quoties
639 960 744 1018 librum
764 959 794 1017 in
814 978 916 1017 manus
935 977 1072 1017 resumse-

277 1067 353 1127 runt,
374 1055 481 1114 similes
506 1056 627 1114 medicis
653 1056 740 1114 etiam
768 1057 879 1134 integra
899 1056 1069 1114 secantibus.

277 1151 396 1210 Accidit
415 1153 521 1229 itaque,
535 1164 568 1210 ut
586 1153 758 1211 cicatricosa
777 1153 843 1224 sint,
858 1163 886 1210 et
906 1153 1070 1230 exsanguia,

276 1258 306 1306 et
332 1267 402 1307 cura
426 1250 531 1326 pejora
579 1251 608 1308 4.
638 1251 684 1308 Sit
709 1269 778 1328 ergo
805 1249 967 1326 aliquando,
994 1249 1071 1324 quod

276 1345 397 1422 placeat,
419 1357 468 1404 aut
487 1358 565 1405 certe
585 1348 661 1422 quod
683 1347 820 1404 sufficiat:
841 1359 874 1404 ut
893 1366 964 1422 opus
983 1347 1071 1422 poliat

276 1441 354 1514 lima,
369 1461 427 1501 non
440 1453 556 1501 exterat.
597 1442 752 1518 Temporis
772 1461 885 1518 quoque
904 1459 967 1500 esse
987 1441 1071 1500 debet

276 1539 385 1597 modus.
426 1539 504 1596 Nam
517 1539 594 1614 quod
608 1539 710 1596 Cinnae
724 1537 882 1614 Zmyrnam
902 1556 1003 1595 novem
1024 1557 1071 1595 an·

275 1635 321 1691 nis
335 1635 498 1710 accepimus
511 1635 656 1711 scriptam,
665 1645 694 1692 et
705 1635 912 1712 Panegyricum
926 1633 1069 1706 Isocratis,

275 1730 325 1806 qui
344 1731 520 1806 parcissime,
540 1732 641 1789 decem
663 1731 745 1788 annis
765 1729 866 1788 dicunt
885 1731 1070 1804 elaboratum,

277 1827 467 1886 adoratorem
480 1828 550 1885 nihil
570 1829 712 1904 pertinet:
734 1829 816 1906 cujus
836 1827 947 1885 nullum
966 1827 1030 1901 erit,
1044 1827 1069 1886 si

276 1932 335 1980 tam
348 1922 460 1980 tardum
474 1924 568 1996 suerit,
584 1923 730 1982 auxilium.

315 2119 351 2177 V.
378 2119 543 2178 Proximum
564 2132 616 2194 ost,
637 2131 670 2179 ut
689 2121 829 2194 dicamus,
851 2141 913 2198 qno
926 2122 1072 2199 precipue

174 2225 176 2230 '
276 2216 424 2274 scridmdc
438 2219 502 2275 sint.
544 2217 611 2275 Hoc
625 2218 807 2276 exuberantis
821 2217 936 2292 quidem
950 2227 993 2275 est
1006 2235 1072 2293 ope·

276 2311 325 2382 ris,
347 2322 378 2368 ut
397 2313 580 2387 explicemus,
595 2333 657 2387 quse
672 2315 728 2370 sint
742 2313 883 2370 materiae:
905 2331 967 2387 quae
980 2312 1072 2388 prima

278 2417 326 2464 aut
339 2409 475 2478 secunda,
491 2418 540 2464 aut
554 2407 690 2482 deinceps
703 2407 851 2464 tractanda
864 2407 939 2464 sint:
960 2425 1027 2464 nsm
1041 2408 1070 2465 id

274 2504 384 2561 facturn
396 2513 440 2560 est
459 2503 546 2560 etiam
564 2503 658 2578 primo
678 2503 761 2574 libro,
782 2521 839 2577 quo
858 2521 1021 2578 puerorum,
1042 2513 1071 2561 et

275 2600 413 2672 secundo,
434 2617 492 2675 quo
510 2599 702 2656 robustiorum
722 2598 824 2656 studiis
844 2599 973 2658 ordinem
994 2599 1071 2658 dedi·

275 2715 357 2754 mus:
385 2697 444 2768 sed,
465 2696 501 2754 de
526 2715 584 2772 quo
609 2715 688 2754 nunc
715 2695 817 2773 agitur,
839 2696 914 2754 unde
934 2697 1017 2773 copia
1037 2715 1071 2755 ac

275 2794 399 2851 facilitas
417 2794 539 2852 maxime
559 2794 662 2852 veniet

314 2891 343 2948 2.
370 2891 490 2949 Vertere
515 2892 618 2950 Greca
640 2891 671 2947 in
690 2890 826 2948 Latinum
845 2901 954 2950 veteres
980 2889 1069 2948 nostri

276 2996 403 3045 oratores
416 2988 553 3063 optimum
571 2987 745 3064 judicabant.
787 2987 822 3045 Id
841 3007 872 3045 se
892 2987 925 3046 L.
948 2987 1069 3046 Crassus

275 3083 307 3142 in
321 3082 377 3140 illis
390 3083 541 3142 Ciceronis
553 3083 590 3141 de
603 3083 725 3142 Oratore
738 3084 818 3142 libris
832 3084 902 3141 dicit
917 3083 1066 3142 factitasse.

276 3179 311 3238 Id
325 3179 429 3238 Cicero
442 3199 494 3238 sus
507 3181 567 3257 ipse
586 3199 708 3257 persona
727 3180 953 3256 frequentissime
971 3179 1068 3256 praeci·

276 3278 336 3354 pit:
357 3277 426 3353 quin
440 3277 526 3335 etiam
539 3278 627 3335 libros
637 3277 765 3335 Platonis
776 3289 859 3354 stque
869 3274 1067 3353 Xenophontis

271 3375 367 3436 edidit
385 3376 441 3438 ltoc
463 3377 754 3546 Quendam.
794 3375 830 3436 Id
855 3374 986 3436 Messala
1010 3369 1069 3450 pla·

133 3629 204 3706 h
