2675 4009
443 587 524 636 lNST.
543 587 681 636 ORATOR.
700 588 761 637 ΗΒ.
781 589 864 634 1113.
996 580 1053 642 m

257 735 335 796 ornni
348 735 445 796 brevia
457 737 587 814 quiedam
602 739 738 807 membra,
753 738 789 796 ad
802 756 876 814 quse,
889 737 915 796 si
934 755 1053 799 ccccmo

257 834 302 906 sit,
316 836 444 912 recipcre
457 838 587 914 spiritum
600 837 696 907 liceat,
711 838 746 895 ad
760 838 822 896 hec
835 847 947 914 gestum
960 837 1052 912 dispo·
1153 839 1163 856 ⁸

255 948 339 992 nere:
361 944 393 992 ut
412 943 491 1009 puta,
512 933 623 990 Novum
644 935 756 1004 crimen,
778 933 812 992 0.
836 934 946 1004 cesar,
966 934 1055 992 habet

254 1045 305 1102 por
325 1047 356 1086 se
375 1029 462 1086 finem
482 1029 624 1104 quendam
645 1048 739 1096 suum,
753 1031 821 1104 quia
838 1031 965 1106 sequitur
984 1049 1055 1088 eun·

259 1124 387 1200 junctio:
408 1125 522 1196 deinde,
534 1125 578 1182 Er
592 1135 657 1184 unte
670 1127 744 1182 hono
757 1126 830 1184 diem
842 1147 897 1185 uon
910 1128 1051 1198 auditum,

256 1220 325 1278 satis
352 1220 600 1297 circumscriptum
628 1231 679 1280 est
729 1221 778 1278 Aa
804 1223 866 1280 hnc
893 1223 1053 1282 accommo-

255 1316 351 1376 danda
364 1335 464 1375 manus
477 1328 530 1388 est,
545 1317 631 1395 idque
643 1318 713 1376 dum
726 1317 780 1375 erit
792 1318 924 1392 primast
936 1338 1054 1394 compo

199 1446 201 1450 .
255 1413 310 1472 sito
330 1413 413 1472 actio.
457 1416 520 1472 111.
542 1415 584 1472 At
604 1414 653 1472 ubi
674 1433 737 1473 enni
758 1414 836 1471 calor
856 1415 1055 1484 concitaverit,

255 1511 340 1568 stiam
355 1521 452 1588 gestus
466 1531 534 1570 cum
547 1511 609 1588 ipsa
623 1511 761 1568 orationis
774 1511 922 1568 celeritate
941 1509 1056 1568 orches.

254 1618 309 1666 cat.
361 1607 436 1666 Aliis
462 1607 535 1666 locis
562 1608 658 1678 citata,
671 1647 674 1650 ⁴
688 1607 751 1670 aliis
775 1626 874 1684 pressa
900 1606 1056 1666 conveniat.

252 1707 461 1784 pronunciatio.
516 1705 570 1765 Illa
598 1706 829 1778 transcurrimus,
857 1705 1050 1784 congerimus,

254 1803 442 1872 abundamus,
463 1803 647 1862 festinamus:
676 1803 731 1860 hac
755 1803 902 1874 instamus,
924 1802 1051 1861 inculco·

254 1919 328 1972 mus,
342 1899 495 1974 infigimus.
537 1898 605 1954 Plus
620 1907 715 1954 nutem
729 1899 847 1954 affectus
866 1898 973 1956 habent
991 1898 1053 1960 lens

254 1997 344 2054 tiore:
365 1995 488 2068 ideoque
508 1993 635 2050 Roscius
655 1993 779 2063 citatior,
792 1993 919 2068 AEsopus
938 1995 1050 2070 gravior

255 2092 318 2163 suit,
347 2090 421 2165 quod
449 2089 498 2147 ille
524 2088 690 2159 comcediss,
718 2089 768 2146 hic
793 2089 949 2164 tragoerliss
981 2089 1056 2165 agit.»

255 2189 321 2248 un.
343 2185 453 2244 Eadem
473 2196 567 2243 motus
588 2203 702 2260 quoque
721 2185 882 2241 observatio
902 2194 954 2242 est
992 2183 1052 2244 Ita·

253 2301 310 2360 que
331 2282 361 2340 in
382 2280 494 2353 sabulis,
513 2280 660 2358 juvenum,
675 2299 786 2351 senum,
801 2279 933 2352 militurn,
948 2290 1052 2340 nstro.

252 2399 355 2440 nurum
388 2378 501 2456 gravior
534 2377 682 2454 ingressus
713 2386 773 2434 est:
807 2377 891 2449 servi,
925 2376 1054 2445 aucillis.¹

251 2475 379 2556 parasiti,
412 2475 570 2552 piscatores
603 2472 718 2532 citatius
751 2484 908 2533 morentur.
968 2473 1048 2532 Tolli

253 2585 347 2636 sutem
362 2589 478 2630 manum
493 2571 615 2630 artificas
628 2588 715 2646 supra
726 2570 836 2642 oculos,
850 2571 962 2628 demitti
974 2570 1050 2630 infra

252 2681 353 2749 pectus
379 2679 491 2726 retent:
521 2668 592 2726 adeo
619 2686 636 2724 a
662 2666 757 2742 capite
783 2681 846 2724 earo
872 2678 978 2742 petere,
999 2676 1048 2724 aut

254 2767 288 2826 sd
317 2766 406 2823 imum
432 2775 557 2822 ventrem
585 2763 738 2833 deducere,
759 2761 893 2819 vitiosum
919 2761 1046 2820 habetur.

256 2863 320 2924 113.
347 2860 383 2920 In
403 2861 550 2920 sinistrum
570 2860 644 2918 intra
671 2859 822 2916 humerum
847 2867 1047 2933 promovetur,

254 2959 329 3019 ultra
341 2977 400 3018 oon
420 2957 510 3036 decet.
552 2956 611 3014 Sed
631 2975 699 3014 cum
719 2962 879 3014 aversantes
898 2953 1046 3018 inlesam

252 3066 362 3135 partem
376 3054 453 3112 reiut
465 3052 655 3130 propellemus
675 3069 802 3121 manum,
816 3049 929 3110 sinister
949 3051 1047 3112 humo·

258 3169 302 3212 us
333 3151 528 3229 proferendus,
560 3158 593 3208 ut
622 3167 692 3207 curn
725 3148 819 3224 capite
851 3147 888 3207 ad
919 3147 1047 3208 dextrm

258 3251 362 3311 brente
388 3246 556 3307 consentiat.
609 3247 674 3306 114.
701 3244 808 3305 Manus
832 3245 950 3305 sinistre
974 3261 1046 3302 nun·

253 3362 339 3427 man
350 3345 413 3408 sola
425 3353 537 3425 gutum
549 3353 630 3404 sacas
642 3343 727 3404 socia:
748 3343 898 3411 umnec
917 3342 1045 3418 nm
