2675 4009
439 587 520 636 nrsr.
539 587 678 636 asinos
697 587 759 638 snt
778 589 822 637 ss.
841 589 864 636 s.
992 579 1051 642 lot

252 735 330 796 enim
341 737 456 812 mirum,
470 737 566 798 minus
585 737 694 798 habere
712 737 908 798 contentionis
925 756 971 812 es,
984 757 1049 816 qao

251 845 317 894 sunt
342 845 422 894 estro
448 834 644 911 questionem.
687 836 752 894 166.
774 834 893 894 Mollior
919 853 1051 896 nonnan-

249 950 334 1008 quam
349 950 416 990 oum
430 930 651 1007 reprehensione
671 931 789 992 diverse
807 931 898 1009 partis
916 933 1048 1008 imitatio,

255 1025 379 1084 Videbar
405 1025 500 1084 videre
524 1025 597 1084 ulios
622 1026 868 1100 intrassemus
894 1036 987 1088 66166
1006 1048 1049 1088 ese

248 1129 353 1195 666166,
380 1120 515 1198 quosdam
539 1140 572 1180 66
597 1121 663 1180 virsa
688 1123 865 1183 oscillantes.
904 1124 964 1184 Ubi
988 1143 1048 1184 non

248 1216 391 1274 dissidens
417 1236 434 1276 s
459 1235 532 1276 sose
556 1217 731 1298 permittitur
756 1229 854 1297 gestus
872 1239 996 1298 qaoque,
1016 1221 1048 1281 in

248 1322 399 1388 utramque
436 1323 546 1389 partem
585 1323 685 1374 tenens
716 1315 857 1391 quedam,
890 1317 942 1376 sed
973 1319 1049 1376 intra

247 1427 350 1468 manus
369 1419 475 1482 tumen,
496 1420 525 1468 et
544 1409 607 1470 sine
633 1419 714 1468 mota
738 1409 871 1483 laterum,
891 1412 1048 1472 translatio.

249 1505 315 1564 166.
345 1505 536 1572 Ascendendi
565 1505 674 1582 jadieis
704 1506 803 1584 plures
833 1516 902 1566 sunt
933 1507 1049 1586 gradus.

246 1605 383 1664 Summus
397 1605 456 1678 ille,
469 1615 497 1666 et
511 1623 569 1682 quo
582 1605 679 1666 nullus
691 1616 736 1666 est
748 1606 780 1666 in
792 1616 907 1666 oratore
920 1607 1048 1669 sontior:

245 1701 383 1780 Suscepto
402 1702 608 1779 6611666666,
625 1711 709 1782 gesta
721 1702 790 1782 jasa
807 1703 895 1763 661666
913 1723 947 1764 a
959 1712 1049 1782 parts

243 1818 360 1875 sssgrsn.
400 1798 541 1858 Praedixit
566 1800 655 1874 enim,
686 1799 837 1869 06661666
857 1809 959 1878 potero
984 1820 1050 1862 6666

244 1894 420 1967 metendum,
441 1903 476 1954 st
495 1896 622 1974 populus
649 1895 700 1954 tos
725 1895 876 1954 Rmaaus
901 1898 1047 1958 miliat.

244 1990 368 2050 Psulum
388 1990 515 2062 inferior,
535 2001 566 2050 et
584 1990 695 2050 habens
715 1990 824 2067 aliquid
839 1990 900 2069 jam
916 1992 1051 2070 1666661-

244 2087 322 2162 tatis,
336 2087 421 2158 Quid
431 2087 503 2148 ssim
516 2095 583 2146 1666
596 2087 654 2161 tlte,
668 2085 789 2161 Mero,
802 2087 836 2145 irs
847 2088 909 2147 uois
917 2088 1051 2148 Psaros-

246 2185 305 2244 lisa
327 2185 448 2262 gladius
475 2183 603 2260 66166611
655 2185 722 2243 167.
752 2183 872 2243 Plenius
898 2184 994 2244 sdlrao
1019 2195 1050 2246 et

244 2281 361 2356 lentius,
389 2282 512 2360 ideoque
538 2280 662 2353 dulcius,
688 2279 729 2339 Is
755 2288 829 2340 soetsr
854 2299 921 2342 aero
941 2283 1047 2360 populi

244 2378 373 2440 Rumori
384 2379 527 2457 negotium
540 2378 688 2458 publicum
703 2395 816 2454 gam.
856 2377 1048 2440 Psoduoenda

244 2480 351 2552 omnis,
371 2477 575 2554 trahendaeque
601 2485 662 2534 tum
682 2474 808 2544 soosles,
829 2476 1047 2555 aperiendoque

245 2585 312 2636 sunt
326 2576 431 2636 isuoes.
472 2573 607 2632 Pleniore
626 2581 724 2632 tamen
742 2571 807 2632 hae
826 2573 1045 2647 malitiaam,

250 2673 317 2744 Vos,
344 2671 456 2730 Alieni
482 2671 583 2730 tumuli
610 2678 697 2748 utque
722 2669 788 2727 lusi.
842 2669 910 2728 Jam
936 2669 1045 2730 osntiri

245 2768 382 2846 quiddam
401 2767 517 2836 habent,
529 2767 694 2843 sensimque
712 2766 848 2842 resupina
860 2774 943 2823 sunt:
964 2765 1053 2824 Sasu

245 2871 331 2942 atque
357 2862 522 2922 solitudines
548 2862 610 2921 soei
636 2861 813 2938 respondent.
860 2860 926 2920 168.
953 2860 1044 2920 Tales

245 2970 314 3021 sunt
336 2959 392 3018 illm
419 2958 620 3018 inclinationes
639 2958 730 3030 roais,
750 2975 822 3033 quas
841 2955 966 3016 insioem
985 2957 1044 3017 De·

244 3055 409 3117 mosthenes
429 3066 514 3130 atque
527 3053 683 3113 AEsehines
701 3052 883 3130 exprobrant,
897 3071 956 3112 non
976 3054 1044 3114 ideo

245 3152 453 3230 improbanda:
482 3169 548 3210 enm
574 3149 652 3208 enirn
672 3159 793 3225 uterque
812 3149 893 3208 alteri
913 3149 1043 3228 objiaist,

244 3251 339 3330 palam
352 3265 395 3308 est
410 3258 560 3324 utrumque
574 3246 685 3306 seoisse.
724 3245 804 3304 Nam
822 3265 918 3323 nequa
931 3247 980 3306 ille
991 3263 1044 3322 per

243 3345 424 3410 Marathonis
436 3355 466 3406 et
477 3344 649 3406 Plataearum
661 3353 692 3404 et
709 3342 866 3404 Salaminis
882 3359 1046 3422 propugna-
