2675 4009
283 557 343 620 1³6
519 567 554 616 rr.
573 565 643 614 rin.
662 564 869 621 eumnnrmr

282 714 492 792 summissoque
511 714 675 794 principio:
695 713 739 773 sie
758 713 908 772 sormntsm
929 713 1084 772 Ciceronis
1152 721 1156 728 '

282 829 410 885 menum,
438 831 504 870 oum
530 812 649 880 diceret,
671 811 716 884 Si,
734 811 860 888 judiees,
880 811 993 886 ingenii
1017 811 1082 881 mei,

282 909 360 984 qnod
370 909 459 968 sentio
472 928 556 986 quarn
576 909 615 966 sit
634 909 774 984 exiguum.
816 907 928 966 Eodem
948 907 1084 982 aliqunto·

281 1023 338 1064 nus
350 1004 467 1064 liberius
486 1005 621 1064 deorsum
640 1004 836 1081 spectantibus
855 1003 953 1080 digitis
973 1003 1083 1080 oolligi-

281 1113 328 1160 tur
342 1103 371 1160 in
385 1121 447 1175 nos,
461 1113 490 1162 et
504 1103 595 1162 fusius
607 1103 695 1179 paulo
708 1103 738 1161 in
758 1103 901 1161 diversum
921 1102 1081 1174 resolvitur,

281 1209 314 1258 ut
327 1200 539 1275 quodammodo
552 1219 716 1260 sermonem
729 1200 822 1276 ipsum
842 1199 968 1276 proferre
987 1199 1082 1258 rides·

280 1305 336 1354 tur.
376 1297 425 1356 98.
447 1297 537 1356 Binos
552 1298 665 1356 interim
679 1297 785 1374 digitos
805 1295 1017 1373 distinguimus,
1030 1296 1081 1354 sed

280 1410 339 1452 non
366 1392 473 1454 inserto
500 1395 613 1471 pollice,
634 1394 752 1469 paulum
777 1403 873 1451 tsmen
899 1391 1082 1450 inferioribus

280 1487 358 1548 intro
370 1490 575 1566 speotnntibus,
590 1490 641 1548 sed
654 1507 692 1546 ne
706 1488 762 1546 illis
782 1488 898 1564 quidem
917 1488 1017 1560 tensis,
1029 1489 1082 1564 qui

279 1603 367 1661 suprs
392 1598 466 1644 sunt
507 1586 554 1643 99.
575 1573 695 1642 Interim
720 1584 839 1642 extremi
858 1585 983 1660 pnlmnm
1002 1584 1083 1644 eires

280 1679 340 1740 irus
358 1680 471 1756 pollinis
489 1691 632 1756 premunt,
653 1679 715 1756 ipse
740 1680 883 1758 prioribus
909 1681 945 1738 sd
971 1681 1082 1740 medios

281 1775 417 1836 trtieulos
427 1775 574 1854 jungitur:
595 1776 711 1836 interim
724 1787 842 1853 quartus
861 1778 979 1854 oblique
998 1796 1082 1853 repo·
1188 1776 1189 1779 ’

281 1871 387 1945 nitur;‚
409 1872 524 1932 interim
556 1884 679 1951 qrrstuor
711 1874 837 1934 remissis
870 1875 962 1952 magis
994 1892 1082 1951 quern

280 1969 380 2043 tensis,
406 1971 513 2048 pollioe
539 1970 617 2030 intus
644 1971 793 2046 inelinnto,
814 1971 938 2030 habilem
963 1971 1083 2030 demon-

279 2069 397 2128 strando
410 2069 440 2128 in
460 2070 544 2144 letus,
560 2080 608 2130 sut
626 2069 847 2148 distinguendis,
861 2089 925 2146 qun
944 2070 1081 2143 dicimus,

280 2183 399 2226 menum
419 2167 553 2241 lecimus,
568 2187 635 2226 oum
655 2168 759 2244 supine
778 2169 810 2226 iu
828 2168 975 2226 sinistrum
995 2167 1081 2238 letus,

280 2277 372 2340 prone
384 2263 415 2322 in
428 2262 548 2322 alterum
563 2265 658 2324 fertur.
702 2265 766 2324 100.
788 2265 863 2322 Sunt
875 2274 904 2322 et
918 2264 960 2320 illi
980 2265 1083 2322 breves

281 2369 388 2436 gestus,
399 2377 466 2416 oum
480 2377 582 2418 manus
595 2359 694 2418 leviter
706 2359 839 2435 pendete,
849 2357 942 2432 qualis
955 2359 1085 2418 rorenti-

281 2472 330 2510 um
357 2462 409 2520 est,
436 2453 530 2530 parvis
557 2454 722 2525 intervallis,
747 2463 778 2512 et
803 2452 1083 2516 subessentientibus

281 2548 407 2608 humeris
426 2559 565 2622 movetur,
586 2550 711 2608 maxime
737 2559 803 2624 epte
828 2558 916 2625 p'nroe
941 2559 971 2608 et
997 2553 1083 2625 qussi

281 2645 381 2706 timide
400 2645 589 2722 loquentibus.
631 2645 685 2704 Est
704 2645 886 2706 admirationi
905 2647 1083 2710 conveniens

282 2744 331 2808 ille
350 2755 456 2822 gestus,
477 2763 535 2821 quo
555 2763 656 2804 msnus
676 2744 790 2802 modioe
808 2744 952 2821 supinate,
973 2764 1009 2804 no
1027 2763 1081 2821 per

283 2840 412 2918 singulos
426 2860 442 2900 ι
455 2839 575 2900 minimo
588 2840 711 2898 oolleotn
723 2840 838 2918 digitos,
853 2841 991 2900 redeunte
1004 2841 1080 2902 flexu

282 2935 368 2994 simul
395 2938 553 3014 expliustur
581 2948 665 3013 etque
691 2938 874 2996 convertitur.
926 2941 991 2998 lul.
1012 2938 1081 2998 Neo

284 3051 343 3092 uno
368 3034 455 3092 modo
482 3035 690 3112 interrogantes
716 3045 829 3111 gestum
862 3036 1079 3112 componimus:

283 3128 450 3206 plerumque
475 3141 571 3190 tamen
604 3140 747 3189 vertentes
778 3150 905 3204 menum,
933 3143 1081 3207 uteunque

283 3227 440 3302 oomposits
466 3237 517 3286 est.
559 3227 662 3286 Pollici
689 3227 835 3304 proximus
854 3228 971 3306 digitus,
992 3229 1083 3288 medi·

282 3343 398 3412 umque,
418 3344 474 3404 qun
493 3327 591 3386 dexter
611 3338 664 3400 est,
685 3345 812 3406 unguem
831 3328 944 3404 pollicis
968 3347 1082 3388 summo
