2675 4009
268 600 309 660 44
502 607 538 652 Μ.
557 604 627 652 Fas.
646 605 852 662 QULNTILIANI

282 766 283 769 ’
310 758 355 815 19.
400 757 478 816 Nam
511 757 641 833 quiedam
675 766 741 814 sunt
774 754 934 826 imitabilia,
961 754 1065 830 quibus

269 864 319 912 eut
333 855 481 911 infirmitas
494 863 603 909 nature
623 871 682 909 non
702 852 834 924 sufficiat,
850 863 898 910 aut
918 851 1065 910 diversitas

208 955 245 1004 a<
268 960 415 1027 repugnet.
456 949 514 1020 Ne,
524 949 572 1006 cui
586 959 672 1006 tenue
686 948 833 1026 ingenium
848 949 911 1020 erit,
923 949 984 1006 sola
997 947 1065 1004 velit

270 1047 354 1104 fortia
366 1056 396 1103 et
410 1045 547 1120 abrupta:
568 1045 616 1102 cui
637 1046 710 1102 sorte
731 1045 857 1119 quidem,
872 1046 922 1102 red
943 1043 1064 1102 indomi-

267 1153 339 1212 tum,
361 1160 456 1198 amore
482 1141 646 1198 subtilitatis
679 1151 708 1198 et
728 1141 784 1198 vim
806 1161 887 1200 suam
906 1141 1015 1217 perdat,
1036 1151 1065 1198 et

267 1238 447 1314 elegantiam,
468 1257 553 1312 quam
580 1237 668 1312 cupit,
690 1257 748 1295 nou
769 1249 940 1313 assequatur.
982 1237 1064 1296 Nihil

265 1344 310 1391 est
330 1335 406 1390 enim
426 1344 485 1390 tarn
506 1333 651 1404 indecens,
674 1353 758 1408 quarn
779 1353 846 1390 oum
873 1335 968 1392 mollia
994 1335 1065 1392 dure

206 1444 227 1488 θ
266 1429 346 1487 fiunt.
387 1430 434 1488 20.
457 1430 554 1504 Atque
567 1448 623 1506 ego
636 1429 677 1486 illi
693 1431 871 1504 preceptori,
887 1448 971 1504 quem
987 1431 1065 1488 insti·

266 1527 382 1583 tuebam
409 1526 438 1582 in
464 1526 538 1582 libro
563 1525 700 1595 secundo,
722 1525 832 1594 credidi
859 1544 916 1582 non
943 1544 978 1582 ea
1003 1526 1065 1582 sola

265 1621 397 1678 docenda
430 1639 502 1691 esse,
531 1621 565 1676 ad
600 1639 663 1694 quae
691 1595 1063 1698 qtieblq'de‘*disoipulorum

267 1711 368 1772 naturai
388 1717 575 1791 compositum
596 1716 713 1773 videret.
755 1716 794 1774 Et
815 1717 947 1792 adjuvare
967 1717 1061 1786 debet,

265 1831 330 1886 quae
347 1812 376 1868 in
390 1829 504 1886 quoque
524 1829 624 1868 eorum
645 1811 753 1868 invenit
773 1785 1063 1888 mrffeffiiiiiium

268 1907 328 1964 ficri
354 1918 457 1983 potest,
479 1908 611 1984 adjicere,
632 1927 695 1983 quae
722 1908 834 1980 desunt,
856 1919 885 1966 et
911 1910 1063 1968 emendare

264 2004 396 2078 quaedam
411 2015 440 2062 et
453 2014 570 2062 mutare.
612 2003 723 2061 Rector
743 2005 820 2062 enim
841 2015 884 2062 est
905 2005 1063 2064 alienorum
1112 2069 1115 2074 ,

267 2099 448 2177 ingeniorum
469 2110 554 2174 atque
579 2100 732 2158 formator:
754 2100 897 2158 difficilius
921 2112 963 2160 est
983 2113 1063 2160 natu·

226 2231 243 2263 ,.
267 2215 326 2253 ram
342 2215 422 2253 suam
435 2196 551 2272 fingere.
591 2197 639 2254 21.
661 2196 719 2254 Sed
734 2215 771 2254 ne
792 2197 840 2254 ille
860 2198 975 2272 quidem
996 2199 1063 2254 doo-

265 2302 321 2362 tor,
336 2310 496 2366 quanquam
517 2292 624 2362 omnia,
638 2311 702 2366 quae
723 2302 802 2350 recta
822 2303 898 2363 sunt,
914 2293 980 2348 velit
1000 2311 1062 2350 esse

268 2387 298 2444 in
312 2387 371 2442 suis
386 2387 562 2443 auditoribus
576 2406 661 2462 quarn
675 2387 850 2461 plenissima,
863 2387 892 2444 in
906 2406 941 2444 eo
955 2398 1061 2460 temen,

239 2506 255 2537 ⁴
264 2482 316 2539 cui
330 2493 461 2540 naturam
475 2484 588 2540 obstare
602 2482 714 2552 viderit,
728 2483 876 2540 laborabit.

308 2577 342 2634 ld
356 2597 468 2652 quoque
481 2578 638 2644 vitandum,
654 2578 685 2634 in
699 2597 756 2652 quo
769 2597 872 2654 magna
891 2597 956 2654 pars
976 2590 1060 2651 errat,

268 2693 306 2732 ne
320 2674 350 2731 in
363 2674 493 2732 oratione
505 2679 606 2750 poetas
626 2674 710 2731 nobis
730 2684 759 2732 et
779 2675 938 2746 historicos,
954 2676 983 2732 in
1005 2676 1062 2734 illis

265 2771 401 2846 operibus
433 2781 558 2828 oratores
592 2780 640 2828 aut
673 2770 877 2828 declamatores
911 2771 1062 2830 imitandos

267 2878 408 2944 putemus.
452 2867 501 2925 22.
523 2868 584 2924 Sua
609 2867 714 2942 cuique
740 2867 884 2942 proposita
910 2868 965 2938 lex,
993 2887 1061 2926 suus

267 2963 373 3038 cuique
386 2963 473 3021 decor
486 2973 537 3020 est
577 2962 655 3020 Nam
676 2963 816 3020 comoedia
835 2983 893 3022 non
914 2964 1060 3022 cothurnis

269 3060 400 3137 assurgit,
415 3079 470 3118 nec
490 3069 590 3118 contra
609 3060 747 3136 trugoedia
761 3061 878 3118 soeculo
893 3060 1057 3138 ingreditur.

269 3156 366 3214 Habet
378 3170 474 3214 tumen
487 3155 579 3214 omnis
593 3155 757 3230 eloquentia
771 3156 876 3230 aliquid
890 3173 1059 3214 commune:

155 3267 162 3280 ·
266 3251 422 3319 memor,
446 3253 523 3329 quod
549 3270 701 3310 commune
728 3262 777 3310 est.
818 3252 865 3310 23.
888 3251 981 3310 Etiam
1003 3250 1058 3307 hoc

265 3350 340 3410 solet
361 3350 534 3410 incommodi
555 3350 688 3410 accidere
707 3349 759 3422 eis,
779 3348 828 3424 qui
848 3368 880 3410 se
900 3349 951 3408 uni
971 3347 1057 3406 alicui
