2675 4009
433 585 859 636 mussemutinae
987 574 1046 639 ut

248 771 252 780 ι
286 735 364 798 Nun
383 747 415 798 ut
435 738 485 798 ills
511 738 671 811 emendata,
690 736 830 807 diluuidn,
849 743 959 805 omaus,
980 742 1046 810 epte

247 851 310 894 esse
323 834 424 894 debet:
445 835 486 894 itu
499 835 561 892 heu
574 852 689 910 quoque
701 834 852 892 emendata
864 832 928 904 erit,
942 830 972 889 id
991 845 1044 902 est,

246 931 317 990 vitiu
337 932 456 1003 carebit,
471 932 496 990 si
516 931 602 990 fuerit
622 949 655 988 os
675 931 771 1002 facile,
790 930 984 1006 explanatum,
1001 927 1046 1003 ju·

247 1027 384 1099 eundum,
405 1029 556 1097 urbanum,
577 1026 606 1084 id
632 1037 686 1097 est,
706 1026 737 1084 in
762 1045 821 1101 quo
846 1025 926 1082 nulla
950 1040 1045 1098 neque

247 1123 393 1180 rusticitas
406 1141 499 1196 neque
512 1122 700 1198 peregrinitas
713 1131 835 1180 resonet
875 1121 945 1178 Nun
965 1119 1045 1178 euim

247 1218 310 1276 sine
324 1235 411 1276 esuss
421 1218 526 1278 dieitur
536 1218 689 1276 barbarum
701 1217 872 1277 aramme.
904 1218 952 1276 31.
966 1216 1045 1294 Nasu

247 1313 326 1371 sonis
345 1313 485 1386 homines,
499 1323 532 1372 ut
551 1333 608 1372 rere
626 1312 744 1384 tinnitu,
757 1313 959 1389 dignoscimus.
999 1312 1046 1372 Ita

247 1409 297 1466 fiet
311 1409 390 1482 illud,
405 1411 481 1486 quod
495 1410 607 1468 Ennius
619 1410 732 1486 probet,
745 1427 814 1468 uum
833 1408 905 1466 diuit
923 1409 1046 1467 suavilu-

247 1507 345 1582 quents'
356 1525 403 1564 ors
418 1506 570 1582 Cethegum
580 1505 699 1583 fuisse.-
718 1525 777 1564 nou
790 1504 868 1581 quud
888 1504 995 1562 Cicero
1015 1503 1045 1562 iu

247 1601 293 1660 his
324 1586 515 1678 reprehendit,
542 1621 614 1678 quus
648 1602 689 1660 sit
721 1602 841 1674 latrare,
867 1619 923 1659 nun
949 1619 1044 1676 ugare.

247 1699 322 1756 Sunt
341 1699 419 1756 enim
438 1700 529 1758 mults
554 1699 633 1771 vitis,
654 1699 691 1758 ds
710 1699 816 1775 quibus
835 1698 905 1770 diri,
925 1715 994 1756 eum
1013 1696 1045 1756 iu

247 1794 369 1868 quadarn
382 1795 467 1869 primi
480 1795 546 1852 libri
558 1805 640 1871 parte
652 1813 807 1870 puerorum
820 1813 871 1852 orn
880 1794 1044 1864 formarem,

247 1891 435 1964 opportunius
467 1901 554 1961 ratus,
568 1891 612 1948 -in
639 1909 675 1948 ea
699 1901 784 1948 utute
809 1891 904 1948 fucere
930 1890 1045 1948 illorum

247 1987 432 2057 mentionem,
446 1986 477 2044 in
490 2005 547 2061 qus
560 1986 706 2045 emendari
724 1997 852 2062 possunt.
892 1987 940 2044 32.
960 1986 1046 2046 Item·

247 2099 304 2156 que
317 2080 342 2138 si
356 2081 480 2156 ipsusne
493 2081 616 2156 primum
630 2080 726 2152 suerit,
740 2091 773 2138 ut
784 2081 829 2138 sio
841 2081 947 2152 diuum,
959 2099 1045 2153 sustu,

247 2177 277 2236 id
303 2186 356 2249 est,
376 2177 487 2234 nulium
513 2195 623 2248 eurum,
644 2177 681 2254 de
707 2176 812 2252 quibus
836 2176 924 2234 modu
949 2176 1045 2248 retuli,

245 2272 369 2349 patietur
390 2272 621 2352 inuumrnodum5
642 2272 749 2330 deiude
767 2291 826 2330 unu
839 2271 939 2343 surda,
952 2271 1044 2344 rudis,

245 2369 386 2440 immunis,
413 2368 497 2442 dura,
524 2368 635 2444 rigida,
661 2388 748 2440 varra,
769 2369 963 2445 proepinguis,
995 2378 1045 2426 rut

246 2467 348 2537 tenuis,
363 2466 470 2536 inanis,
491 2465 605 2536 acerba,
612 2466 735 2541 pusilla,
748 2466 851 2537 mollis,
863 2465 1044 2544 effeminatur

245 2563 376 2639 spiritus,
391 2581 446 2620 neu
466 2562 569 2634 brevis,
582 2581 638 2620 neu
657 2581 758 2638 purum
771 2562 924 2635 durabilis,
937 2581 994 2622 neu
1013 2564 1044 2622 ἐπ

245 2666 357 2734 receptu
370 2657 500 2733 difficilis.

285 2753 332 2810 3³.
360 2752 503 2810 Dilucide
522 2771 590 2812 vero
609 2753 664 2812 erit
677 2754 890 2830 pronunciatio,
909 2753 1044 2829 primum,

247 2847 272 2906 si
286 2849 372 2906 verbs
385 2857 445 2906 tots
457 2849 590 2922 exierint,
603 2868 726 2925 quorum
739 2868 805 2926 pars
823 2849 965 2921 deuorari,
978 2867 1045 2925 pers

247 2943 364 3002 destitui
378 2944 458 3016 solet,
467 2944 610 3021 plerisque
623 2957 765 3006 extremus
774 2945 897 3022 syllabas
909 2964 968 3004 nou
981 2964 1044 3023 pen·

247 3039 412 3113 ferentibus,
427 3041 496 3100 dum
507 3041 633 3116 priorum
653 3060 725 3100 suno
745 3041 901 3118 indulgent
942 3041 982 3102 Ut
1000 3052 1044 3102 est

248 3148 343 3196 autem
357 3139 518 3196 necessaria
531 3139 683 3198 verborum
696 3139 868 3216 explanatio,
882 3140 924 3200 itu
942 3159 1043 3200 omnes

247 3234 387 3310 imputare
407 3245 436 3292 et
455 3235 532 3294 uelut
553 3253 741 3295 annumerare
758 3236 877 3308 litteras,
891 3237 1042 3294 molestum

246 3341 276 3390 et
289 3331 426 3392 odiosum.
468 3331 515 3392 34.
536 3331 614 3392 Num
633 3343 662 3392 et
682 3333 796 3394 nutries
814 3331 1042 3410 frequentissime
