2675 4009
305 571 361 633 ΝΒ
503 595 505 598 ·
524 577 560 627 M.
579 577 648 630 ΕΑΒ.
667 575 872 634 cummuni

303 728 391 787 totins
409 727 571 788 certaminis
591 727 699 799 ordine,
713 745 771 804 quo
790 726 857 785 dato
869 734 990 784 errasset
1002 741 1107 784 recor·

304 825 396 897 datus,
417 825 501 882 rediit
523 822 558 880 ad
579 843 654 896 eum,
676 824 793 900 quicum
815 823 932 895 luserat,
950 825 1032 897 isque
1054 821 1104 880 ita
1187 836 1189 923 t

305 922 411 980 factum
444 939 505 978 esse
532 921 679 978 confessus
705 931 766 978 est:
800 921 895 978 minus
921 919 998 978 idem
1023 918 1104 976 cado

304 1019 408 1088 valebit
421 1021 451 1076 in
465 1017 602 1090 oratione,
611 1018 766 1094 praesertim
778 1028 854 1076 totus
867 1028 967 1074 nostm
979 1015 1103 1074 arbitrio

305 1116 485 1186 constitutus,
513 1133 579 1172 cum
611 1125 722 1173 tantum
754 1115 803 1172 iiie
834 1116 926 1172 valeat
952 1114 1100 1173 alternus?

304 1212 350 1270 39.
372 1211 468 1270 Etiam
481 1230 544 1286 quae
557 1213 630 1270 bene
645 1211 802 1290 composita
820 1222 914 1282 erunt,
928 1210 1100 1270 memoriam

305 1309 378 1368 serie
405 1329 455 1368 sua
481 1309 596 1374 ducent.
648 1309 724 1367 Nam
751 1309 827 1367 sicut
860 1308 972 1368 facilius
997 1326 1102 1366 versus

306 1405 470 1478 ediscimus,
491 1425 575 1481 quam
601 1424 714 1481 prosam
741 1406 917 1462 orationem:
944 1405 986 1462 ita
1003 1423 1101 1482 prosas

306 1503 410 1576 vincta,
425 1522 508 1579 quam
529 1503 674 1558 dissoluta.
715 1501 766 1558 Sic
786 1501 935 1578 contingit,
956 1511 988 1559 ut
1008 1501 1100 1559 etiam

306 1619 368 1674 quoe
388 1617 424 1656 ex
449 1609 574 1672 tempore
601 1596 768 1658 videbantur
796 1597 895 1663 effusa,
916 1597 951 1654 ad
977 1598 1102 1656 verbum

305 1694 424 1768 repetita
443 1692 612 1750 reddantur:
633 1691 710 1768 quod
729 1710 799 1750 meae
819 1711 930 1769 quoquc
950 1695 1101 1756 memorio

305 1787 530 1852 mediocritatem
550 1789 731 1864 sequebatur,
744 1787 769 1846 si
789 1790 902 1864 quando
921 1790 1101 1850 interventus

306 1885 473 1961 aliquorum,
488 1885 537 1960 qni
551 1885 628 1944 hunc
642 1885 780 1944 honorem
793 1897 979 1959 mererentur,
993 1888 1100 1948 iterare

305 1981 519 2040 declamationis
532 1993 641 2058 partem
655 1982 813 2060 coiigisset:
828 2001 882 2041 nec
892 1983 1100 2044 est'mcndacio

305 2079 396 2152 locas,
411 2079 495 2140 salvis
509 2079 557 2156 qui
572 2079 769 2140 interfuerunt.

343 2177 390 2236 40.
418 2177 534 2254 Siquis
557 2188 654 2236 tamen
676 2196 764 2236 unam
781 2175 990 2251 maximamque
1009 2195 1028 2234 a
1050 2196 1099 2236 me

306 2287 394 2332 artem
407 2274 551 2332 memoriae
572 2284 689 2350 quaerat,
703 2274 867 2351 suscitatio
886 2283 929 2330 est
949 2283 979 2330 et
998 2272 1098 2332 laboro

306 2370 395 2426 multa
408 2369 545 2439 ediscere,
560 2371 649 2426 multa
663 2370 800 2445 cogitare,
816 2378 854 2438 et,
869 2369 894 2426 si
913 2369 976 2426 fieri
994 2380 1097 2445 potest,

305 2463 442 2540 quotidie,
456 2463 684 2539 potentissimum
697 2475 748 2521 est.
788 2464 871 2522 Nihil
886 2484 966 2540 aeque
985 2467 1029 2544 vel
1050 2486 1099 2524 au·

305 2571 386 2636 getar
401 2559 531 2630 oura‚vel
545 2560 720 2636 negligentia
734 2559 887 2620 intercidit
928 2563 976 2620 41.
995 2563 1098 2624 Quare

305 2669 333 2716 et
346 2656 426 2732 pueri
440 2655 543 2727 statim,
553 2656 723 2732 utpraeccpi,
735 2658 949 2735 quamplurima
958 2660 1095 2732 ediscant,

306 2767 343 2828 ct,
358 2774 533 2831 quaecunque
554 2765 621 2812 aetas
641 2773 756 2830 operam
774 2755 905 2831 juvandae
925 2757 1020 2814 studio
1039 2777 1096 2817 me

306 2853 626 2924 mortaeaamt,aevoret
640 2851 723 2908 initio
736 2853 852 2910 earum
866 2855 936 2911 arua
949 2865 978 2913 et
991 2856 1097 2932 scripta
1187 2836 1188 2843 ‘

306 2958 335 3006 et
347 2949 422 3008 lecta
435 2950 537 3026 saepius
550 2948 722 3020 revolvendi,
733 2960 762 3008 et
771 2950 852 3024 quasi
862 2951 985 3010 eundem
998 2953 1093 3011 cibum

305 3044 498 3103 remandendi.
538 3045 627 3107 Quod
641 3045 734 3120 ipsum
747 3045 803 3104 hoc
815 3047 878 3104 fieri
890 3058 982 3123 potest
994 3049 1093 3122 levius,

305 3138 329 3196 si
348 3158 439 3214 pauca
464 3141 596 3216 primum,
617 3151 645 3198 et
671 3160 734 3216 quai
760 3142 859 3212 odium
883 3162 941 3202 non
968 3145 1094 3219 afferam,

305 3235 474 3311 coeperimus
487 3237 632 3294 ediscere:
647 3247 708 3296 tum
722 3239 850 3313 qnotidie
865 3240 987 3316 adjicere
999 3243 1094 3319 singn-

305 3330 348 3390 los
361 3349 467 3404 versus,
481 3349 602 3408 quorum
615 3335 742 3396 accessio
760 3335 854 3394 labori
870 3353 988 3401 sensnm
1004 3339 1092 3401 incre·
