2675 4009
279 561 349 624 ’151
475 565 478 572 ’
514 571 550 620 n.
569 573 638 620 ran.
658 573 864 630 oumumnns

287 727 365 780 tores
377 711 459 782 recto
471 741 541 781 sono
558 723 673 800 juravit,
687 743 744 782 nec
757 724 806 784 ille
819 723 938 783 Thebas
958 743 1091 784 sermone

290 818 412 880 deflevit
455 821 518 880 169.
540 819 593 879 Est
606 822 651 880 his
665 823 777 881 diversa
790 842 853 896 vox,
867 835 897 882 et
908 842 990 900 paene
1010 835 1091 882 extra

289 933 440 994 organum,
462 917 511 974 cui
537 917 634 976 Graeci
653 937 760 977 nomen
781 919 984 978 amaritudinis
1005 919 1092 977 dede-
1182 932 1183 939 ¹

290 1023 366 1084 runt,
387 1031 472 1090 super
492 1014 610 1072 modum
632 1033 666 1073 ac
685 1034 768 1091 paene
786 1026 919 1074 naturam
940 1016 1020 1074 vocis
1038 1016 1091 1074 hu·

290 1127 382 1166 mane
410 1110 531 1168 acerbe:
568 1111 651 1180 Quin
679 1113 851 1190 compescitis
877 1132 967 1171 vocem
993 1113 1089 1184 istam,

289 1202 411 1263 indicens
437 1207 580 1280 stultitioe,
608 1215 705 1266 testem
731 1209 920 1286 paucitatis?
961 1207 1020 1266 Sed
1048 1207 1089 1280 id,

291 1301 369 1376 quod
388 1303 528 1362 excedere
547 1304 665 1362 modum
685 1304 755 1376 dixi,
776 1304 806 1362 in
826 1304 875 1362 illa
893 1313 973 1381 parte
999 1304 1092 1380 prima

291 1407 345 1471 est,
362 1398 445 1469 Quin
458 1401 638 1478 compescitis.
681 1401 747 1459 17⁰.
769 1401 918 1478 Epilogus,
934 1400 959 1458 si
973 1419 1092 1459 enume-

293 1494 434 1554 rationem
452 1515 547 1555 rerum
567 1497 662 1568 habet,
677 1496 820 1555 desiderat
840 1497 982 1572 quandam
995 1497 1094 1556 conci·

292 1607 389 1648 mum
403 1591 668 1662 continuationem;
689 1591 715 1650 si
729 1592 765 1650 ad
778 1593 968 1651 concitandos
978 1593 1108 1670 judices

293 1695 337 1744 est
350 1686 592 1758 accommodatus,
608 1687 716 1763 aliquid
728 1707 765 1747 ex
778 1688 823 1762 iis,
838 1709 901 1766 quae
915 1709 1000 1766 supra
1013 1689 1090 1761 dixi3

282 1782 319 1841 si
345 1781 511 1859 placandos,
532 1783 699 1844 inclinatam
719 1788 863 1863 quandam
883 1788 1046 1859 lenitatem
1066 1787 1092 1846 si

294 1879 491 1938 misericordia
502 1883 733 1956 commovendos,
747 1883 854 1942 flexum
866 1885 956 1957 uocis,
971 1895 1000 1944 et
1013 1883 1093 1943 flebi-

289 1975 351 2036 lem
371 1978 549 2048 suavitatem,
564 1999 620 2055 qua
638 1981 784 2057 precipue
804 1982 973 2060 franguntur
993 1979 1092 2054 animi,

291 2091 415 2151 'queque
428 2085 471 2134 est
484 2076 607 2135 maxime
620 2077 766 2136 naturalis.
807 2077 839 2136 N
841 2097 886 2136 am
900 2077 987 2136 etiam
1007 2079 1095 2136 orbos

295 2171 452 2248 nidumque
461 2173 558 2232 videas
568 2174 598 2232 in
609 2173 679 2250 ipsis
689 2175 836 2233 funeribus
850 2193 957 2233 canoro
970 2175 1095 2252 quodam

295 2261 383 2326 modo
408 2269 625 2344 proclamantes.
669 2272 735 2330 171.
757 2271 818 2330 Hic
837 2271 923 2331 etiam
944 2272 1025 2330 lusca
1045 2271 1095 2330 illa

295 2381 360 2436 vox,
374 2365 487 2439 qualem
507 2365 613 2424 Gioero
632 2366 721 2426 fuisse
740 2368 771 2426 in
784 2369 915 2428 Antonio
927 2369 1008 2442 dicit,
1022 2369 1095 2428 mire

296 2458 396 2518 saciet:
411 2459 497 2518 habet
509 2461 587 2518 enim
601 2462 631 2518 in
641 2481 683 2535 se,
693 2464 770 2539 quod
784 2464 937 2525 imitamur.
978 2465 1095 2543 Duplex

295 2566 339 2614 est
361 2564 458 2613 tamen
477 2555 622 2616 miseratio
631 2563 643 2628 ;'
669 2559 757 2618 altera
776 2579 843 2619 cum
863 2563 980 2636 invidia,
1001 2562 1096 2639 qualis

295 2652 382 2712 modo
395 2651 473 2711 diota
486 2652 522 2712 de
536 2653 719 2714 damnatione
728 2656 906 2717 Philodami:
929 2661 1016 2718 altera
1027 2677 1095 2717 cum

295 2748 497 2826 deprecatione
510 2750 668 2810 demissior.
713 2754 779 2811 172.
800 2753 911 2827 Quare,
926 2756 1038 2814 etiarnsi
1051 2767 1097 2814 est

296 2846 327 2906 iu
348 2847 405 2905 illis
431 2865 545 2924 quoque
571 2858 674 2906 cantus
699 2849 859 2923 obscurior,
878 2851 917 2909 In
937 2861 1009 2910 coto
1029 2871 1095 2910 vcro

296 2943 399 3018 populi
417 2942 565 3009 Romani,-
591 2930 749 3003 nonenim
775 2945 838 3004 hec
864 2947 982 3005 rixantis
1008 2947 1097 3006 modo

297 3037 384 3095 dixit:
405 3047 443 3110 et,
462 3039 526 3109 Vos,
541 3039 653 3099 Albani
665 3044 786 3109 tannim
806 3062 900 3119 neque
914 3045 1001 3115 enim,
1012 3045 1097 3120 quasi

297 3133 476 3207 inclamaret,
486 3147 535 3194 aut
548 3147 708 3210 testaretur,
719 3139 833 3198 locutus
846 3150 903 3198 ests
924 3151 1020 3199 tamen
1034 3142 1099 3200 infi-

188 3219 189 3228 ’
297 3230 359 3290 nito
385 3229 477 3307 magis
502 3231 552 3289 illa
577 3231 651 3292 flexa
677 3245 706 3293 et
732 3236 930 3295 circumducta
949 3247 1025 3308 sunt,
1046 3237 1099 3298 Mc

296 3327 434 3402 mooun,
447 3345 488 3387 mc
500 3325 658 3406 inscliccnrs
672 3342 712 3406 et,
723 3331 808 3403 Quid
818 3333 984 3411 respondebo
998 3333 1101 3395 hirris
