2675 4009
298 551 339 612 46
520 563 556 609 u,
574 561 644 610 ras
663 561 868 618 eumanum

336 711 385 768 27.
412 711 538 770 Imitatio
552 722 645 771 autem
660 712 740 790 (narn
762 711 864 788 sapius
884 712 959 770 idem
980 713 1090 795 diuam)

298 825 357 865 uon
370 808 407 866 sit
418 818 529 866 tantum
543 809 573 866 iu
588 809 687 866 verbis.
728 809 803 868 llluo
815 809 987 868 intendenda
999 829 1091 882 mens,

298 914 434 978 quantum
449 903 534 961 luerit
553 905 610 962 Mis
629 905 699 962 viris
719 905 832 964 decoris
853 905 881 962 in
902 906 986 963 rebus
1007 917 1092 981 atque

297 1000 436 1076 personis,
456 1001 533 1075 quod
559 1002 722 1073 eonsilium,
744 1021 806 1077 quae
826 1002 984 1077 dispositio,
1005 1021 1090 1078 quam

296 1096 394 1152 omnia
406 1097 502 1168 etiam,
516 1117 580 1172 quas
592 1097 777 1156 delectationi
797 1098 944 1156 videantur
964 1099 1039 1170 data,
1054 1098 1090 1156 ad

297 1194 444 1252 victoriam
470 1207 615 1272 spectent:
643 1197 712 1271 quid
740 1207 838 1274 agatur
858 1197 1005 1273 prooemio,
1026 1215 1114 1271 quae·

296 1291 370 1348 ratio
389 1303 418 1350 et
437 1312 522 1367 quam
542 1293 620 1352 varia
639 1294 784 1364 narrandi,
806 1312 869 1368 quae
890 1293 932 1350 vis
951 1293 1091 1369 probandi

298 1407 333 1446 aa
353 1389 510 1461 refellendi,
531 1401 637 1464 quanta
656 1390 687 1446 in
709 1390 857 1448 affectibus
871 1391 965 1448 omnis
977 1390 1091 1466 generis

297 1486 444 1543 movendis
470 1487 600 1557 seientia,
620 1504 762 1559 quamque
782 1486 843 1542 laus
864 1486 926 1561 ipsa
946 1487 1090 1561 popularis

296 1581 427 1638 utilitatis
446 1582 538 1658 gratia
558 1591 691 1652 assumta,
713 1600 775 1656 quae
796 1594 857 1638 turn
877 1592 922 1639 est
935 1582 1091 1658 puloberri·

295 1695 352 1748 ma,
366 1695 433 1733 oum
453 1677 589 1753 sequitur,
604 1695 662 1735 nou
684 1696 749 1734 oum
771 1677 930 1736 arcessitur.
972 1677 1045 1736 Haeo
1065 1678 1090 1736 si

293 1773 509 1849 perviderimus,
535 1783 597 1831 tum
622 1792 689 1831 vere
715 1773 897 1832 imitabimur.
950 1774 998 1832 28.
1025 1774 1089 1836 Qui

295 1886 363 1925 vero
375 1869 460 1926 etiam
473 1869 587 1946 propria
600 1868 644 1926 his
658 1870 734 1927 bonu
747 1869 892 1946 adjecerit,
904 1879 936 1927 ut
949 1869 1088 1945 suppleat,

295 1983 359 2040 quae
379 1965 506 2038 deerant,
521 1966 581 2023 ciro
604 1965 719 2043 ineidat,
734 1966 758 2024 si
779 1966 848 2040 quid
868 1966 1049 2038 redundabit,
1065 1966 1089 2024 is

295 2062 359 2133 erit,
387 2079 472 2137 quem
498 1985 831 2138 qubrllfidllsperteotus
857 2075 968 2120 orator:
1003 2079 1088 2138 quem

295 2177 374 2215 nuno
387 2161 577 2216 consummari
591 2159 769 2235 potissimum
783 2169 921 2234 oporteat,
930 2177 997 2215 oum
1011 2168 1089 2214 tanto

294 2255 376 2330 plura
390 2255 518 2329 exempla
531 2255 604 2311 bene
617 2254 731 2310 dioeudi
752 2256 903 2328 supersint,
918 2271 1002 2327 quam
1023 2253 1086 2323 illis,

295 2350 345 2424 qui
371 2349 465 2405 adhuc
484 2349 589 2405 summi
607 2360 683 2419 sunt,
708 2348 896 2423 contigerunt.
937 2347 1014 2404 Nam
1035 2347 1088 2405 erit
1195 2371 1196 2376 ¹

295 2446 358 2502 baro
384 2463 496 2518 quoque
522 2444 584 2502 laus
610 2463 719 2515 eorum,
742 2454 773 2501 ut
797 2444 905 2520 priores
931 2461 1087 2520 superasse,

294 2551 422 2618 posteros
435 2540 568 2598 doouisse
581 2540 722 2598 dieantur.

334 2735 388 2793 III.
416 2735 455 2792 Et
467 2735 530 2792 haeu
549 2734 664 2809 quidem
686 2734 792 2791 auxilia
810 2648 1086 2794 extrinsellslladbl-

236 2833 417 2936 ,beutupz
445 2833 473 2889 in
501 2831 537 2888 iis
557 2841 661 2902 autem,
683 2849 745 2904 quae
766 2831 937 2906 nobisipsis
962 2831 1086 2905 paranda
1194 2883 1195 2906 ,

206 2926 210 2939 ¹
296 2922 371 3000 sunt,
392 2939 424 2985 ut
444 2927 558 2998 laboris,
579 2927 622 2984 sio
643 2927 772 2984 utilitatis
792 2927 877 2986 etiarn
897 2927 981 3004 longe
1002 2927 1085 3002 pluri·
1194 2907 1195 2921 l

296 3043 374 3081 mum
402 3023 481 3080 affert
507 3022 597 3080 stilus.
638 3021 704 3080 Neo
731 3023 872 3080 immerito
900 3022 940 3080 M.
969 3023 1084 3080 Tullius

295 3120 373 3177 huno
393 3120 525 3196 optimam
544 3117 696 3195 effectorem
723 3139 756 3176 aa
782 3120 948 3193 magistrum
975 3118 1085 3176 dicandi

296 3216 415 3274 vocarit.
456 3215 512 3272 Cui
533 3215 681 3273 sententiae
700 3233 850 3292 personam
878 3215 910 3274 L.
933 3215 1029 3272 Crassi
1056 3215 1084 3272 in

296 3311 544 3391 disputationibus,
558 3330 621 3389 qma
635 3322 701 3371 suut
714 3312 750 3372 de
770 3323 890 3386 oratore,
906 3310 1083 3390 assiguando,
