2675 4009
274 559 316 621 22
513 568 549 617 ro
568 568 638 616 mn
657 565 865 624 annumerem

272 717 314 780 ‚od
345 716 404 780 ἕξιν
437 717 561 776 maxime
585 718 742 794 pertinebit
768 737 844 776 unus
864 693 1069 776 Archilochus.

276 814 323 872 60.
351 816 471 872 Summa
484 815 514 872 in
533 815 589 872 hoo
608 815 651 872 vis
671 815 850 885 elocutionis,
871 833 938 870 oum
958 813 1070 881 validos,

277 921 338 968 tum
371 912 470 970 breves
502 912 702 986 vibrantesque
729 911 887 982 sententie,
914 910 1071 986 plurimum

277 1007 425 1085 sanguinis
438 1018 523 1082 etque
541 1026 703 1080 nervorum,
719 1007 791 1065 eden
810 1017 842 1066 ut
861 1006 989 1064 videntur
1010 1004 1072 1080 qui-

277 1104 408 1174 busdam,
422 1104 499 1178 quod
513 1123 656 1178 quoquam
669 1104 764 1162 minor
784 1115 837 1175 est,
851 1102 976 1160 materie
997 1117 1071 1172 esse,

278 1219 336 1257 non
350 1200 458 1276 ingenii
472 1200 579 1258 vitium
620 1201 667 1258 61.
689 1199 802 1258 Novem
815 1219 882 1258 vero
901 1199 1071 1274 Lyrioorum

277 1295 364 1372 longe
382 1297 534 1354 Pindarus
553 1297 697 1373 prinnepS,
712 1297 828 1372 spiritus
847 1294 1070 1372 magnificentie,

278 1393 436 1464 sententiis,
450 1394 559 1470 figuris,
573 1394 738 1452 beatissime
750 1411 846 1450 rerum
865 1393 1072 1466 verborumque

279 1489 373 1565 eopia,
386 1490 464 1548 velut
475 1489 600 1565 quodam
613 1489 785 1564 eloquentie
799 1488 936 1548 flumine:
956 1498 1072 1564 propter

258 1619 261 1625 ·
279 1604 342 1659 qnae
358 1585 496 1642 Horatius
508 1603 575 1642 sum
588 1585 691 1642 merito
711 1585 833 1644 eredidit
852 1584 961 1642 nomini
981 1583 1074 1641 imite-

230 1667 233 1674 ’
279 1681 374 1738 bilem.
415 1681 462 1738 62.
484 1681 683 1752 Stesichorum,
705 1699 791 1757 quum
812 1681 848 1738 sit
868 1681 986 1758 ingenio
1005 1679 1074 1737 vali·

278 1776 343 1848 dus,
357 1777 482 1835 materie
496 1795 610 1853 quoque
629 1779 793 1849 ostendunt,
808 1778 931 1835 maxima
950 1777 1025 1834 bella
1044 1786 1073 1834 et

280 1873 452 1930 clarissimos
478 1885 629 1932 oenentem
655 1875 753 1947 duoes,
780 1884 810 1931 et
835 1873 911 1949 epioi
938 1873 1074 1929 numinis

279 1987 367 2027 onera
379 1970 440 2045 lyra
452 1971 648 2029 sustinentem.
690 1971 801 2028 Reddit
808 1971 884 2030 enim
898 1968 1027 2045 personis
1041 1969 1072 2026 in

280 2067 392 2142 agendo
416 2067 500 2126 simul
521 2068 722 2144 loquendoque
741 2068 867 2126 debitum
887 2066 1072 2143 dignitatern:

280 2182 325 2235 uo,
335 2164 360 2221 si
373 2165 511 2224 tenuisset
523 2166 651 2237 modum,
663 2165 773 2222 videtur
788 2164 915 2222 aemuleri
928 2163 1073 2238 proximus

280 2258 439 2318 Homerum
452 2263 595 2336 potuisse:
616 2261 666 2317 sed
686 2261 835 2328 redundat,
851 2269 935 2333 utque
955 2258 1074 2316 effundi·

280 2365 342 2411 tur:
376 2356 454 2429 quod
486 2365 518 2410 ut
544 2365 588 2412 est
613 2355 889 2428 reprehendendum,
917 2355 958 2413 ita
984 2355 1073 2430 oopiae

281 2450 381 2506 vitium
407 2460 458 2507 est
498 2450 546 2507 63.
568 2450 683 2508 Aloeus
710 2450 739 2507 'm
765 2461 845 2526 parte
870 2453 964 2527 operis
990 2471 1075 2510 aureo

278 2545 387 2622 plectro
407 2546 509 2604 merito
528 2547 661 2618 donatur,
682 2567 739 2622 qna
758 2557 893 2623 tyrannos
919 2550 1074 2607 insectatus

282 2640 403 2698 multum
429 2640 516 2698 etiam
541 2641 669 2698 moribus
696 2642 824 2699 uonsert:
859 2643 889 2700 in
916 2644 1075 2718 eloquendo

205 2761 209 2770 ·
283 2755 395 2811 quoque
415 2737 507 2794 brevis
527 2747 556 2794 et
576 2738 754 2814 magnificus,
769 2749 797 2795 et
818 2739 949 2814 diligens,
970 2749 999 2795 et
1018 2739 1076 2813 ple-

282 2851 403 2907 rumque
416 2832 545 2890 Homero
558 2833 675 2890 similis:
697 2834 747 2890 sed
767 2835 797 2890 in
817 2835 897 2892 lusus
917 2847 945 2890 et
966 2852 1078 2892 amores

283 2928 442 2998 deseendit,
456 2929 611 3004 majoribus
631 2939 727 2986 tamen
748 2930 871 3040 aptior?
888 2931 935 2988 64,
957 2929 1075 2987 Simoni-

283 3024 339 3094 des,
350 3025 445 3082 tenuis
459 3025 574 3100 dloqui,
585 3043 716 3082 sermone
729 3028 844 3102 proprio
858 3037 886 3083 et
898 3027 1075 3102 jucunditate

283 3121 405 3196 quedem
415 3121 610 3178 commendari
619 3131 727 3194 potest:
747 3123 893 3198 precipua
906 3133 1001 3182 tamen
1016 3124 1075 3198 ejus

283 3217 314 3276 in
327 3217 532 3276 commovenda
545 3217 727 3274 miseratione
747 3218 845 3290 virtus,
860 3229 891 3276 ut
911 3220 1026 3295 quidam
1046 3219 1075 3275 in

283 3314 339 3374 heo
363 3333 431 3374 eum
456 3324 536 3390 perte
561 3312 695 3370 omnibus
718 3313 779 3390 ejus
799 3317 893 3394 operis
914 3315 1076 3376 auctoribus

896 3557 910 3730 l
