2675 4009
299 599 357 662 lot
520 607 870 665 nummulariorum

297 757 426 820 Druso.
467 759 515 832 Et,
529 777 567 818 ne
579 776 685 831 morer,
698 757 775 817 intra
786 777 818 817 se
830 756 952 834 quisque
965 754 1009 816 rel
1023 753 1093 826 hoe,

296 855 342 914 rei
363 855 451 929 aliud,
465 854 542 931 quod
562 855 646 923 volet,
660 873 713 931 per
725 873 827 913 omnes
846 853 966 912 affectus
979 861 1094 910 verset:

296 969 395 1012 rerum
409 971 481 1024 esse,
496 951 573 1027 quod
586 951 721 1023 dieamus,
735 951 815 1010 sciet

337 1051 402 1110 177.
429 1048 525 1107 Unum
537 1048 597 1126 jam
610 1047 656 1106 his
667 1047 861 1126 adjiciendum
874 1055 928 1118 est,
942 1063 1010 1104 oum
1021 1063 1095 1122 prn-

296 1144 381 1221 oipue
394 1143 425 1202 in
439 1144 553 1203 notione
565 1154 710 1222 spectetur
723 1145 821 1216 deoor,
835 1162 911 1220 sape
924 1141 1002 1200 alind
1021 1139 1096 1199 alios

296 1240 408 1300 deoere.
448 1240 503 1300 Est
515 1242 592 1301 enim
605 1241 698 1301 latens
710 1240 840 1316 quiedam
855 1239 885 1297 in
898 1239 955 1297 hoo
968 1237 1051 1310 ratio,
1065 1245 1097 1296 et

297 1337 512 1398 inenarrabilis:
539 1349 569 1398 et
595 1348 628 1397 ut
646 1357 713 1397 rere
726 1339 783 1396 hoo
802 1337 912 1395 dietum
932 1345 985 1407 est,
1006 1341 1097 1412 rapat

296 1453 363 1509 arsa,
383 1435 477 1495 drame
496 1434 573 1512 qaod
580 1433 705 1512 socios,-
728 1434 769 1493 ita
788 1433 819 1492 id
838 1451 932 1508 neque
951 1433 1015 1490 sine
1035 1441 1097 1489 arte

296 1551 369 1605 esse,
378 1549 471 1609 neque
484 1541 575 1590 totum
589 1541 649 1590 arte
661 1531 736 1590 tradi
748 1541 851 1608 potest
898 1529 963 1588 178.
983 1527 1019 1586 In
1033 1527 1097 1604 qui·

171 1688 175 1696 ,
295 1629 415 1687 busdam
436 1628 555 1685 virtutes
574 1645 634 1685 non
653 1627 762 1686 habent
781 1626 912 1704 gratiam
927 1625 965 1684 in¹
978 1625 1097 1702 quibus·

295 1724 361 1782 dam
374 1723 444 1782 vitia
457 1723 518 1800 ipsa
526 1723 679 1782 delectant
712 1722 857 1782 Maximos
870 1733 981 1782 aetores
991 1740 1098 1780 oomoe-

295 1819 416 1892 diarum,
430 1818 609 1879 Demetrium
623 1829 652 1880 et
665 1821 835 1890 Stratoclea,
848 1820 963 1898 plaeere
976 1817 1098 1877 dirersis

294 1915 447 1976 virtutibus
460 1916 591 1976 vidimus.
633 1917 693 1976 Sed
706 1917 777 1976 illud
787 1916 883 1975 minus
892 1915 1006 1988 mirum,
1017 1913 1097 1991 quod

296 2013 366 2072 alter
380 2013 459 2087 deos,
473 2024 502 2074 et
512 2014 641 2093 juvenes,
655 2024 685 2073 et
704 2015 795 2073 bonos
813 2025 917 2091 patres,
931 2030 1095 2088 servosque,

295 2120 325 2170 et
344 2122 497 2185 matronas,
517 2122 547 2171 et
573 2131 673 2192 graves
693 2131 765 2170 anus
784 2096 901 2189 optime,
922 2110 993 2168 alter
1013 2128 1096 2168 aeres

295 2227 388 2282 senes,
403 2209 521 2268 pallidos
535 2227 640 2278 servos,
654 2209 804 2286 parasitos,
815 2208 943 2280 lenones,
954 2217 984 2265 et
997 2205 1095 2264 omnia

296 2306 447 2383 agitatiora
472 2307 582 2366 melius.
632 2305 703 2364 Fuit
728 2305 806 2364 enim
838 2316 941 2363 natura
972 2303 1094 2362 diversa.

294 2401 325 2460 N
327 2421 373 2460 am
385 2419 439 2459 vox
452 2420 566 2478 quoque
579 2401 720 2460 Demetrii
730 2401 895 2478 jucundior,
909 2401 986 2459 iilius
1000 2399 1094 2460 aerior

295 2506 363 2555 erat.
405 2497 472 2556 179.
492 2497 674 2556 Annotandae
694 2498 786 2575 magis
810 2497 1007 2574 proprietates,
1028 2517 1094 2574 quar

293 2593 440 2654 transferri
460 2612 519 2652 non
537 2605 679 2670 poterant,
692 2613 794 2653 manus
811 2594 929 2672 jactare,
944 2605 973 2653 et
993 2595 1094 2654 dulces

295 2691 516 2752 exclamationes
535 2691 639 2750 theatri
659 2710 748 2750 oansa
765 2691 934 2768 producere,
949 2701 978 2751 et
999 2692 1094 2770 ingre·

295 2790 402 2849 diendo
420 2798 536 2849 rentum
556 2788 710 2865 oonoipere
729 2799 817 2862 veste,
838 2799 867 2848 et
886 2808 1094 2866 nonnunquam

295 2886 396 2946 dextro
408 2887 497 2946 latere
510 2887 605 2946 faeere
618 2897 732 2964 gestus:
753 2887 830 2963 quod
843 2887 989 2946 neminem
1003 2886 1093 2946 alium

294 2992 396 3060 praeter
409 2983 588 3042 Demetrium
602 2983 716 3042 decuit:
736 3002 860 3059 namque
873 2983 904 3042 in
917 2984 980 3041 hae
993 2983 1094 3042 omnia

294 3087 402 3138 statura
428 3089 457 3138 et
475 3079 548 3138 mira
567 3079 664 3166 speeie
684 3079 875 3158 adjuvabatur.
917 3079 982 3139 180.
1002 3077 1093 3139 Illum
1190 3106 1191 3111 ¹

294 3193 405 3250 aursus,
418 3184 448 3234 et
468 3176 589 3255 agilitas,
602 3186 632 3236 et
650 3177 695 3236 rei
715 3195 815 3254 parum
835 3176 1009 3236 conveniens
1026 3194 1095 3253 per·

294 3291 372 3334 aona
397 3269 472 3334 risus
492 3271 591 3352 (quem
617 3291 677 3336 non
702 3273 820 3354 ἰμιηιε
843 3273 963 3334 rationis
980 3274 1093 3352 populo
