2675 4009
291 577 333 638 94
515 590 551 636 m.
569 589 638 635 sss.
657 589 862 646 summumst

294 753 330 794 ac
349 738 451 816 religio
477 737 507 796 in
533 738 760 814 pronunciando,
788 747 894 814 quanto
920 736 1014 796 minus
1028 734 1087 796 ‘vel

294 834 409 892 offensae
424 835 468 892 vel
488 835 604 892 utilitati
623 855 683 892 suae
703 835 860 892 indulserit.
901 835 947 893 76.
970 833 1036 890 Hoc
1055 841 1088 891 et

294 931 369 1005 apud
394 950 453 1002 eos,
476 949 493 988 a
518 931 622 1006 quibus
643 932 813 1007 appellatum
834 931 896 1002 erit,
911 930 935 988 si
956 931 1028 988 forte
1048 928 1086 986 ad

292 1027 407 1084 cosdem
422 1028 616 1086 remittemur:
639 1028 799 1104 adjrcieuda
812 1028 884 1086 ratio
898 1027 941 1085 vel
961 1025 1086 1084 necessi·

291 1123 359 1178 tatis
379 1123 509 1199 alicujus,
523 1124 547 1181 si
568 1123 599 1181 id
618 1143 712 1181 cause
734 1124 820 1196 cedit,
841 1123 884 1181 vel
905 1123 1018 1193 erroris,
1038 1121 1083 1178 vel

291 1220 471 1294 suspicionis.
518 1222 709 1280 Tutissimum
736 1241 805 1299 ergo
823 1221 996 1298 poenitentiae
1016 1235 1085 1276 con·

291 1314 386 1388 fessio,
419 1328 449 1376 et
486 1319 643 1378 satisfactio
682 1319 791 1393 culpae:
830 1317 1083 1394 perducendusque

290 1413 469 1473 omnimodo
485 1416 573 1492 judex
587 1416 622 1472 ad
642 1416 691 1472 irae
710 1414 856 1490 pudorem.
897 1415 943 1470 77.
965 1411 1084 1469 Accidit

290 1510 377 1568 etiam
391 1531 595 1585 nonnunquam
609 1510 710 1566 eadem
724 1527 820 1579 causa,
835 1507 871 1565 de
885 1527 941 1583 qua
958 1525 1085 1582 pronun·

289 1606 382 1676 ciarit,
403 1615 616 1681 cognoscitque
642 1604 761 1660 iterum:
794 1613 856 1660 tum
876 1603 946 1659 illud
967 1602 1085 1676 quidem

289 1718 451 1770 commune,
473 1700 548 1774 apud
568 1699 655 1756 alium
676 1718 728 1756 nos
744 1699 870 1776 judicem
891 1698 1085 1773 disputaturos

288 1795 326 1852 de
338 1795 415 1852 illius
428 1795 570 1852 sententia
581 1814 640 1852 non
655 1795 758 1852 fuisse:
779 1813 872 1870 neque
891 1793 968 1854 enim
989 1811 1085 1851 emen*
1121 1829 1124 1838 ·

288 1891 351 1948 dari
371 1892 407 1948 ab
427 1892 493 1963 alio,
514 1911 599 1967 quam
626 1891 699 1967 ipso,
720 1892 762 1949 fas
788 1910 866 1950 esse:
894 1900 1020 1949 ceterum
1045 1909 1083 1949 ex

289 2006 385 2059 causa,
397 2000 429 2046 ut
442 2008 562 2065 quaeque
575 1989 728 2065 permittet,
739 1999 786 2046 aut
801 1989 930 2066 ignorata
943 1988 1081 2062 quasdam,

289 2096 338 2144 aut
357 2085 481 2144 defuisse
500 2096 596 2157 testes,
618 2096 667 2143 aut
688 2085 779 2162 (quod
799 2084 988 2155 timidissime,
1008 2094 1037 2141 et
1057 2083 1082 2140 si

287 2182 359 2239 nihii
381 2183 458 2240 aliud
476 2183 562 2259 plane
581 2182 676 2254 fuerit,
697 2182 852 2240 dicendum
870 2182 926 2261 est)
947 2189 1082 2256 patronos

287 2297 346 2336 non
372 2280 528 2350 suffecisse,
555 2288 712 2336 succurret.
760 2278 806 2336 78.
833 2277 929 2336 Etiam
955 2277 980 2334 si
1007 2278 1082 2351 apud

289 2374 360 2430 alios
369 2375 482 2448 judices
496 2385 604 2449 agetur,
619 2385 650 2430 ut
663 2374 693 2430 in
706 2373 833 2430 secunda
853 2374 1018 2444 assertione,
1033 2381 1082 2430 aut

288 2469 318 2524 in
352 2469 604 2525 centumviralibus
640 2469 759 2544 judiciis
796 2468 968 2544 duplicibus,
1001 2479 1082 2544 parte

288 2565 373 2634 victa,
394 2564 543 2622 decentius
569 2565 632 2635 erit,
653 2565 765 2639 quoties
791 2565 944 2642 contigerit
970 2583 1082 2623 servare

293 2660 422 2737 judicum
436 2660 573 2737 pudorem
587 2680 594 2718 z
614 2661 651 2718 de
664 2679 721 2735 qua
734 2679 765 2718 te
777 2661 862 2719 latius
880 2661 1081 2738 probationum

288 2758 354 2815 loco
367 2757 475 2814 dictum
489 2767 540 2814 est.
892 2775 894 2782 ·

327 2853 425 2912 Potest
438 2853 561 2925 evenire,
575 2862 608 2910 ut
626 2852 657 2910 in
679 2852 741 2909 aliis
761 2853 993 2928 reprehendenda
1012 2853 1079 2924 sint,

289 2967 353 3022 quae
374 2949 427 3026 ipsi
447 2950 617 3006 fecerimus:
644 2958 677 3006 ut
696 2948 796 3024 objicit
815 2949 933 3007 Tubero
953 2949 1079 3026 Ligario,

289 3044 365 3121 quod
382 3045 413 3100 in
432 3044 543 3120 Africa
553 3044 660 3121 fuerit.
702 3047 748 3102 79.
770 3044 808 3102 Et
822 3045 944 3102 ambitus
964 3045 1080 3121 quidam

290 3140 426 3209 damnati,
440 3141 640 3215 recuperandae
660 3141 807 3218 dignitatis
828 3141 918 3217 gratis
930 3160 995 3198 reos
1008 3141 1080 3216 ejus·

289 3237 355 3294 dem
369 3235 497 3292 criminis
511 3237 682 3308 detulerunt,
694 3249 726 3294 ut
736 3238 766 3294 in
776 3237 881 3294 scholis
889 3237 1079 3295 luxuriantem

289 3342 397 3409 patrem
410 3330 571 3389 luxuriosus
583 3331 645 3408 ipse
660 3333 773 3410 juvenis
794 3343 917 3392 accusat.
957 3332 990 3390 Id
1011 3349 1080 3408 quo·
