2675 4009
428 585 521 634 rnen
540 583 679 632 crason
698 583 760 633 uu.
778 585 822 635 ru.
840 586 863 631 a.
992 575 1048 636 121

253 732 294 794 tio
304 732 451 810 insequar:
471 755 538 794 cuna
553 735 622 794 illuc
632 753 748 809 venero,
758 737 855 812 Atque
867 735 935 792 altu
948 733 1051 792 munia

251 827 361 902 Roma,
382 832 533 907 deponam,
553 843 581 890 et
608 834 752 904 morabor,
772 842 802 890 et
828 850 934 890 uorum
952 849 1051 888 rursus

252 925 400 986 'exordium
428 929 539 986 faciam.
581 929 628 987 39.
650 931 726 988 Sunt
753 929 907 1010 eliquando
933 937 962 986 et
988 929 1051 985 siue

252 1023 441 1099 respiratione
454 1024 584 1098 quaedam
598 1043 686 1082 morae
699 1026 786 1084 etiarn
807 1026 836 1084 in
856 1025 998 1102 periodis:
1019 1033 1052 1082 ut

253 1118 283 1178 in
310 1120 369 1192 illa,
390 1120 428 1178 In
455 1129 526 1178 autu
552 1141 616 1179 uero
633 1123 736 1198 populi
755 1122 890 1194 Romani,
910 1121 1052 1197 negotium

253 1216 400 1292 publicum
420 1236 532 1291 gorens,
552 1219 690 1293 magister
709 1219 841 1294 equitum,
861 1229 916 1276 etc.
957 1217 1053 1274 Multa

254 1314 383 1372 membra
396 1314 496 1385 habet;
519 1333 619 1374 seusus
639 1315 717 1372 cuitu
731 1325 799 1372 aunt
812 1315 861 1371 alii
881 1325 965 1388 atque
986 1314 1052 1371 alii:

255 1420 284 1470 et
298 1410 373 1468 sicut
386 1429 444 1468 una
457 1411 667 1468 circumductio
681 1421 733 1482 eat,
748 1411 789 1468 ita
807 1410 924 1486 paulurn
944 1428 1055 1466 moran·

255 1508 324 1566 dum
345 1507 375 1564 in
401 1507 447 1566 his
474 1507 640 1579 intervallis,
661 1526 721 1564 non
740 1505 991 1582 interrumpendus
1011 1513 1055 1562 est

255 1613 412 1662 contextus.
455 1605 513 1662 Sed
528 1604 701 1662 econtrario
713 1603 845 1680 spiritum
855 1602 970 1660 interim
984 1600 1057 1659 reci·

253 1701 397 1777 perosius
418 1700 566 1758 intellectu
586 1719 674 1758 rnorre
693 1718 812 1758 necesse
831 1709 891 1758 est:
913 1718 971 1775 quo
990 1698 1056 1756 loco

255 1797 336 1873 quasi
356 1797 552 1872 surripiendus
572 1807 631 1854 est:
660 1797 766 1872 alioqui
786 1797 811 1854 si
831 1797 935 1854 inscite
955 1795 1057 1872 recipi·

257 1904 401 1970 atur,‚nou
421 1893 516 1950 minus
538 1893 635 1950 afferat
648 1893 840 1959 obscuritatis,
855 1911 941 1967 quam
955 1893 1057 1950 vitiosa

256 1989 411 2048 distinctio.
452 1988 552 2046 Virtus
566 1997 660 2044 autern
673 1987 869 2063 distinguendi
883 1989 1001 2046 sortasse
1020 1988 1058 2044 sit

256 2104 360 2162 parva3
381 2085 444 2144 siue
464 2103 520 2160 que
539 2093 636 2142 tamen
656 2101 719 2141 esse
738 2084 818 2140 nulla
832 2084 889 2140 elia
902 2084 933 2142 iu
947 2083 1058 2160 agendo

256 2193 358 2260 potest.

295 2281 343 2340 40.
375 2280 493 2338 Ornata
512 2288 555 2337 est
579 2276 792 2354 pronunciatio,
812 2275 862 2334 cui
888 2275 1059 2352 suffragatur

257 2397 308 2438 sorr
320 2376 438 2455 facilis,
452 2394 568 2452 magno,
583 2370 942 2450 brata,floaidilis,firrna,
956 2371 1058 2443 dulcis,

258 2476 410 2547 durabilis,
426 2475 517 2544 clara,
527 2491 617 2550 pura,
632 2489 731 2529 secans
745 2475 817 2528 adra
837 2478 865 2528 et
885 2469 1003 2527 candus
1020 2489 1060 2528 se·

259 2572 336 2632 dena.
379 2571 432 2628 Eat
445 2571 521 2629 enim
532 2569 662 2645 quaedam
678 2568 713 2624 ad
724 2567 852 2625 auditum
862 2567 1060 2624 accommoda·

259 2677 298 2740 ta,
312 2687 370 2726 non
384 2667 590 2744 magnitudine,
605 2665 654 2723 sed
670 2665 851 2741 proprietate,
863 2663 897 2720 ad
912 2664 969 2720 hoc
983 2663 1060 2720 velut

260 2763 426 2834 tractabilis,
441 2763 540 2838 utique
559 2764 669 2820 hebens
689 2779 790 2818 omnes
809 2760 839 2817 in
861 2777 902 2830 se,
917 2759 966 2833 qui
987 2758 1060 2816 desi·

261 2858 405 2929 derantur,
426 2877 510 2915 sonos
531 2858 771 2932 intentionesque,
786 2866 815 2913 et
835 2863 902 2926 toto,
917 2864 949 2911 ut
969 2854 1059 2926 aiunt,

260 2973 369 3030 urgento
383 2954 521 3012 instructa
533 2973 539 3011 τ
561 2955 609 3012 cui
625 2955 715 3012 aderit
728 2953 825 3010 lateris
836 2951 966 3024 firmitas,
981 2952 1061 3028 spiri·

262 3063 394 3111 tuscum
415 3054 507 3129 spatio
525 3053 664 3129 pertinax,
685 3062 748 3110 tum
773 3051 864 3108 labori
891 3069 949 3109 non
977 3051 1061 3109 facile

262 3167 401 3208 casurus.
455 3151 503 3208 tl.
534 3149 638 3225 Neque
679 3149 863 3227 gravissimus
895 3158 991 3206 autem
1029 3148 1061 3205 iu

258 3247 373 3307 'musica
393 3265 480 3306 sonus
502 3265 559 3305 nec
586 3246 768 3304 acutissimus
790 3245 967 3304 orationibus
993 3261 1061 3299 conr·

263 3344 346 3406 reaia
401 3343 477 3406 Nara
504 3354 533 3406 et
558 3343 608 3403 hio
632 3361 733 3422 parum
753 3345 857 3417 aluus,
883 3343 1062 3418 nimiumque

503 3443 538 3502 ll
