2675 4009
139 251 146 629 ι

138 929 152 969 f

468 581 552 630 lnsr.
571 581 710 630 oetion.
729 579 791 628 mn.
810 579 842 628 Χ.
860 580 882 626 3.
1034 573 1075 634 49

275 730 337 793 Sed
362 741 423 792 tum
449 732 583 803 merim,
603 749 671 790 cum
699 731 821 792 incultas
840 729 891 790 ille
911 730 1074 808 contigerit,

276 829 451 901 resistemus,
465 839 497 888 nt
516 828 725 905 provideamus,
747 840 776 888 et
795 829 966 888 ferocientes
986 845 1076 904 equos

276 926 365 984 frenis
391 925 563 1003 quibusdem
589 930 794 984 coerceamus:
828 926 906 1002 qnod
931 945 989 984 non
1015 935 1075 986 tem

276 1040 385 1082 rnorem
407 1023 503 1095 faciet,
524 1041 610 1098 quem
633 1041 723 1081 novos
746 1023 869 1100 impetus
889 1023 975 1081 debit.
1016 1022 1076 1080 Ne·

276 1139 333 1195 qne
365 1121 444 1178 enim
475 1138 574 1178 rursus
606 1137 666 1191 eos,
699 1119 749 1194 qui
781 1121 868 1178 robur
903 1120 1018 1196 aliquod
1045 1120 1075 1178 in

275 1217 344 1276 stilo
363 1216 494 1286 fecerint,
516 1217 550 1274 ad
572 1215 717 1274 infelicem
739 1215 783 1274 eal
850 1218 934 1292 ,iandi
961 1237 992 1276 se
1018 1237 1076 1294 pce·

274 1282 622 1389 nmldffiiffdo‘s‘pum
664 1314 709 1370 11.
725 1235 974 1486 Ὣῖᾃὲυλόῗο
1000 1315 1076 1374 sulli-

275 1427 344 1468 eere
369 1408 472 1485 officiis
499 1409 631 1468 civilibus
654 1409 758 1486 possit,
780 1409 830 1484 qui
857 1409 900 1466 sin
943 1411 979 1467 lis
1007 1411 1076 1468 scti-

275 1524 365 1564 onum
383 1507 512 1583 pertibus
532 1507 714 1566 insenescatl
755 1507 830 1564 Sunt
851 1517 956 1577 nutem,
970 1507 1076 1582 quibus

275 1602 349 1662 nihil
360 1603 398 1662 sit
410 1604 496 1674 setis5
517 1603 616 1662 omnin
628 1613 750 1676 mutere,
759 1603 858 1660 omnia
872 1602 954 1660 aliter
967 1603 1074 1676 dicere,

274 1718 360 1774 quem
381 1701 518 1773 occurrit,
538 1701 643 1760 velint:
672 1700 814 1760 increduli
841 1700 968 1776 quidem,
990 1700 1075 1759 etde

275 1793 393 1873 iugenio
411 1816 465 1857 sno
483 1799 608 1873 pessime
628 1798 732 1869 meriti,
753 1797 803 1872 qui
823 1797 1003 1874 diligentiam
1023 1817 1074 1874 pu-

274 1901 346 1964 tent,
358 1893 453 1952 fecere
465 1894 521 1952 sibi
534 1894 680 1952 scribendi
694 1895 899 1952 difficultatem.
943 1895 987 1952 12.
1008 1893 1076 1952 Nec

274 1999 418 2064 promtum
458 2001 502 2048 est
540 1991 648 2063 dicere,
677 2002 757 2050 utros
795 2009 918 2066 peccare
952 1991 1075 2050 validius

274 2094 382 2160 putem,
408 2085 513 2161 quibos
545 2087 644 2145 omnin
676 2106 729 2144 sun
752 2087 878 2162 placent,
907 2107 944 2144 nn
971 2089 1076 2162 quibus

274 2181 355 2240 nihil.
404 2182 526 2242 Accidit
551 2182 631 2242 enirn
658 2183 817 2260 ingeniosis
844 2183 1075 2242 adolescentibus

274 2277 447 2356 frequenter,
458 2290 490 2338 nt
501 2281 601 2340 labore
614 2290 829 2352 consumentur,
842 2289 871 2338 et
884 2279 915 2339 in
929 2279 1075 2340 silentium

274 2394 366 2452 nsque
378 2377 555 2439 descendent
568 2377 660 2436 nirnin
673 2377 747 2436 bene
767 2377 885 2436 dicendi
906 2378 1073 2455 cupiditate.

271 2472 344 2536 Qua
352 2474 389 2532 de
399 2493 430 2532 re
440 2475 558 2534 memini
569 2493 698 2533 nnrresse
707 2475 776 2532 mihi
788 2474 896 2533 lulium
908 2475 1075 2534 Secundum

274 2570 365 2643 illum,
379 2573 517 2647 equalem
531 2591 639 2644 meum,
654 2582 741 2648 etque
756 2591 772 2630 a
786 2591 843 2644 me,
858 2583 890 2630 ut
903 2583 1003 2631 notum
1019 2582 1072 2645 est,

274 2665 451 2726 familiariter
466 2680 602 2738 amatum,
614 2670 694 2727 mirae
709 2669 851 2728 facundie
866 2670 969 2740 virum,
981 2669 1074 2728 inlini·

273 2775 310 2822 te
324 2775 420 2824 temen
435 2784 522 2838 eure,
536 2766 607 2841 quid
620 2776 696 2824 emet
710 2765 765 2824 sibi
780 2783 796 2824 e
816 2777 919 2842 patruo
939 2783 992 2824 suo
1013 2765 1073 2824 dic·

273 2863 431 2936 tthffld.
452 2861 482 2923 Is
508 2863 563 2920 fnit
588 2862 685 2922 Julius
711 2861 824 2935 Florus,
854 2863 884 2921 in
910 2862 1074 2939 eloquentie

274 2957 442 3032 Gellinrnm,
470 2960 605 3034 quoniam
632 2960 675 3018 ibi
702 2955 818 3018 demum
844 2961 973 3018 exercuit
998 2979 1072 3033 enm,
1107 2998 1119 3030 »,
1143 3021 1148 3029 ,

273 3053 418 3131 princeps,
432 3056 540 3132 alioqui
554 3057 750 3134 interponens
770 3057 903 3130 disertus,
918 3067 947 3116 et
967 3058 1073 3136 dignus
1140 3069 1154 3104 ’-

274 3149 324 3208 ille
349 3151 567 3228 propinquitate.
608 3152 639 3210 In
665 3173 733 3212 cum
760 3153 938 3227 Secundum,
966 3155 1072 3214 schole

274 3247 370 3306 ndhnc
395 3260 552 3324 operttnm,
574 3250 684 3308 tristem
707 3251 779 3310 forte
805 3252 931 3325 vidisset,
953 3252 1072 3311 interro-

273 3345 362 3424 govit,
375 3365 439 3424 que
452 3365 542 3408 censs
554 3347 658 3410 frontis
669 3361 729 3410 tem
744 3349 895 3412 ndducml
937 3350 982 3410 14.
1004 3347 1071 3408 Nec

509 3445 529 3504 5
