2675 4009
292 606 336 688 lu
519 623 554 668 M.
574 621 642 668 nis.
662 623 867 678 cummium

296 772 327 832 in
347 773 507 850 exemplum
527 774 707 846 assumimus,
728 774 825 831 subest
845 783 955 846 natura,
978 783 1007 832 et
1026 789 1093 833 vera

295 870 352 928 vis:
373 880 473 928 contra
485 870 579 927 omnis
593 870 714 928 imitatio
728 869 795 927 ficta
808 879 860 938 est,
874 879 903 926 et
918 870 953 926 sd
968 870 1092 928 alienum

294 969 470 1045 propositum
491 969 731 1027 accommodatur.
736 961 819 1048 lim·
840 967 912 1029 Quo
931 969 972 1040 lit,
987 978 1018 1026 ut
1038 969 1090 1026 mi·

294 1085 349 1125 uus
369 1067 516 1144 sanguinis
537 1064 571 1126 a'o
590 1068 694 1125 virium
715 1067 937 1125 declamationes
957 1067 1090 1135 habeant,

295 1180 379 1236 quam
394 1163 556 1220 orationes:
577 1163 645 1238 quia
658 1163 688 1220 in
702 1163 759 1220 illis
772 1181 848 1234 vera,
863 1162 892 1219 in
907 1161 952 1219 his
974 1163 1090 1239 assimu-

162 1249 211 1344 .⁷“
236 1291 260 1310 »ι
293 1257 351 1316 lata
370 1259 489 1317 materia
509 1269 559 1317 est.
601 1260 686 1317 Adde
707 1259 784 1334 quod
800 1278 844 1330 ea,
859 1278 922 1334 quae
936 1259 966 1316 in
980 1257 1091 1316 oratore

294 1355 418 1413 maxima
438 1366 513 1428 sunt,
528 1357 679 1414 imitabilia
698 1375 757 1413 non
777 1366 853 1427 sunt,
876 1356 1034 1433 ingenium,
1050 1356 1091 1413 in-

293 1451 400 1525 ventio,
414 1453 466 1525 ris,
479 1454 609 1524 facilitas,
621 1463 649 1509 et
663 1452 800 1527 quidquid
817 1462 876 1509 arte
889 1471 947 1508 non
961 1453 1064 1558 trapitu
1082 1496 1088 1510 .
1094 1494 1136 1554 M

295 1549 340 1606 13.
361 1548 432 1606 Ideo
448 1549 587 1624 plerique,
601 1567 668 1604 oum
689 1549 774 1604 verba
794 1567 829 1604 ex
849 1548 970 1604 orationi
992 1535 1094 1606 asel!

293 1655 468 1718 cerpserunt,
481 1654 529 1700 sut
540 1644 651 1718 aliquos
662 1643 879 1719 compositionis
890 1653 983 1701 certos
992 1645 1089 1719 pedes,

292 1739 364 1796 mire
378 1759 394 1796 a
407 1759 448 1812 se,
462 1759 525 1815 quae
538 1741 679 1818 legerunt,
694 1740 790 1818 effingi
812 1740 999 1797 arbitrantur:
1022 1759 1090 1798 cum

293 1847 320 1894 ct
334 1837 420 1894 verba
433 1837 780 1922 intercidantkiuvalescan
794 1855 849 1916 que
861 1837 1044 1912 temporibus,
1055 1847 1086 1895 ut

292 1951 413 2008 quorum
439 1917 790 2010 certissimeffs‘libffma
817 1934 826 1990 i
886 1934 1087 2006 onsuetudine,

291 2049 381 2105 eaque
400 2050 459 2089 non
480 2051 532 2088 sua
550 2042 652 2090 natura
672 2031 728 2088 sint
748 2032 824 2088 bona
844 2039 892 2088 aut
912 2031 1002 2089 mala:
1023 2049 1089 2091 uam

289 2145 341 2202 per
361 2146 392 2186 se
412 2128 476 2186 soni
502 2139 613 2186 tantum
637 2139 719 2186 sunt:
747 2127 797 2186 sed
823 2138 907 2204 prout
933 2139 1090 2206 opportune

290 2225 462 2301 proprieque
473 2235 521 2282 aut
531 2244 615 2282 secus
626 2226 767 2282 collocata
780 2232 862 2294 sunt;
878 2235 906 2281 et
918 2225 1087 2300 compositio

292 2338 358 2387 cum
381 2323 467 2377 rebus
488 2321 703 2378 accommodata
723 2321 768 2391 sit,
789 2331 851 2377 turn
872 2321 933 2396 ipsa
952 2321 1087 2378 varietate

291 2415 459 2490 gratissima.
944 2415 945 2418 ’

332 2510 377 2568 14.
404 2510 589 2586 Quapropter
602 2510 784 2568 exactissimo
795 2509 906 2586 judicio
920 2510 998 2568 circa
1012 2511 1087 2569 hano

290 2619 400 2686 partem
414 2609 573 2666 studiorum
586 2608 776 2666 examinanda
796 2617 862 2665 sunt
882 2608 985 2666 omnia.
1026 2609 1086 2666 Pri·

290 2726 379 2778 mum,
406 2725 477 2782 quos
503 2705 665 2763 imitemur:
699 2723 766 2762 narn
792 2714 858 2762 sunt
884 2705 1009 2781 plurimi,
1037 2706 1085 2782 qui

290 2802 506 2861 similitudinem
529 2801 645 2878 pessimi
672 2801 810 2878 cujusque
830 2811 858 2858 et
878 2802 1083 2877 corruptissimi

291 2900 507 2976 concupierunt.
548 2898 628 2956 Tum
655 2898 685 2956 in
713 2893 884 2974 ipsis,'quos
904 2898 1083 2974 elegerimus,

290 2997 359 3071 quid
383 2997 428 3069 sit,
451 2997 487 3054 ad
506 2996 582 3072 quod
603 3014 656 3052 nos
677 2977 858 3052 efficiendum
879 3013 1081 3070 comparemus.

292 3094 337 3151 15.
358 3093 435 3151 Nam
449 3094 479 3152 in
499 3092 610 3170 magnis
631 3110 745 3167 quoque
767 3091 931 3148 auctoribus
952 3093 1082 3150 incidunt

291 3189 510 3266 aliquantium,
524 3200 553 3248 et
568 3209 585 3247 a
598 3189 691 3247 doctis
705 3189 779 3246 inter
793 3188 870 3265 ipsos
884 3189 969 3250 etiam
983 3201 1082 3246 mutuo

290 3287 474 3366 reprehensa:
512 3296 598 3363 atque
629 3287 740 3344 utinam
766 3284 825 3344 tim
845 3287 920 3344 bone
940 3287 1083 3344 imitantes

290 3386 420 3446 dicerent
440 3385 550 3460 melius,
565 3403 651 3463 quam
672 3385 747 3446 mala
765 3384 847 3464 pejus
864 3383 974 3443 dicunt.
1016 3381 1083 3442 Nec
