2675 4009
457 608 538 659 msa.
556 609 692 658 omaon.
711 607 771 656 ms.
791 607 821 653 tt.
839 607 860 653 a.
1008 593 1047 654 69

263 757 292 817 iu
312 758 436 835 aliquam
455 779 516 817 rem
535 778 631 831 uuam,
645 759 693 816 sed
715 757 745 815 in
764 757 858 833 plures
877 751 960 811 simul
980 770 1046 808 con·
1068 740 1071 745 ’

262 855 373 913 tinuas:
395 867 435 929 ut,
449 857 536 932 siper
551 855 671 930 aliquam
686 863 792 912 rectam
811 853 885 909 viam
904 849 1047 907 mittamus

262 951 369 1023 oculos,
389 951 473 1009 simul
494 951 599 1022 omnia,
620 969 682 1026 quae
702 959 768 1007 sunt
789 949 817 1006 in
843 967 878 1005 ea
903 945 1045 1019 circaque,

262 1046 413 1119 intuemur,
427 1066 485 1104 non
505 1047 634 1104 ultimum
654 1056 763 1104 tanturn
783 1045 919 1114 videmus,
934 1042 982 1099 sed
1003 1059 1047 1098 us·

263 1162 317 1218 que
338 1144 373 1201 ad
394 1144 533 1200 ultimum.
575 1142 621 1199 Ad
634 1143 786 1200 dicendum
800 1141 884 1198 etiam
897 1139 986 1217 pudor
1000 1137 1047 1196 sti·

262 1239 352 1295 mulos
363 1239 447 1295 habet
457 1249 486 1296 et
496 1238 681 1295 dicendorum
689 1247 834 1312 expectata
844 1236 919 1293 laus:
934 1235 1047 1292 mirum·

260 1353 316 1409 que
325 1334 414 1391 rideri
423 1345 525 1410 potest,
533 1335 618 1409 quod,
627 1353 692 1391 eum
704 1333 784 1390 stilus
795 1341 903 1389 secreto
916 1331 1041 1408 gaudeat,

238 1440 345 1505 ¹atquc
377 1449 475 1488 omnes
508 1431 628 1488 arbitros
653 1429 825 1500 reformidet,
852 1425 1047 1504 extemporalis

263 1527 338 1583 actio
365 1527 526 1584 auditorum
552 1525 718 1601 frequentia,
745 1535 777 1582 ut
802 1523 884 1582 miles
910 1531 1045 1598 congestu

258 1622 414 1699 signorum,
425 1623 572 1680 excitatur.
615 1623 659 1679 17.
680 1620 710 1678 N
713 1639 812 1696 amque
822 1630 851 1678 et
861 1618 1047 1676 difficiliorem

258 1718 461 1795 cogitationem
475 1718 608 1795 exprimit
621 1727 650 1775 et
663 1717 779 1794 expellit
792 1715 905 1774 dicendi
926 1712 1047 1773 necessi·

257 1824 312 1887 tas,
326 1825 355 1873 et
375 1816 516 1874 secundos
535 1815 657 1890 impetus
679 1824 762 1890 auget
781 1813 911 1890 placendi
933 1811 1045 1888 cupido.

229 1909 344 1968 *Areo
369 1911 516 1986 praemium
542 1910 638 1967 omnia
663 1919 801 1984 spectant,
829 1918 860 1966 ut
886 1908 1047 1983 eloquentia

259 2024 382 2080 quoque,
397 2025 557 2080 quanquam
571 2004 724 2081 plurimum
738 2004 837 2062 habeat
852 2004 881 2060 in
902 2023 932 2061 se
952 2004 1048 2078 volup·

259 2101 336 2171 tatis,
351 2101 471 2157 maxime
484 2111 578 2157 tamen
592 2100 722 2175 praesenti
737 2099 829 2156 fructu
849 2099 940 2156 laudis
959 2083 1048 2173 opini-

258 2195 380 2271 onisque
406 2196 534 2252 ducatur.
590 2195 634 2252 18.
667 2193 733 2252 Nec
760 2194 907 2268 quisquam
938 2203 1047 2250 tanturn

258 2291 328 2349 tidat
352 2291 478 2368 ingenie,
499 2301 531 2348 ut
551 2290 581 2347 id
600 2289 655 2347 sibi
675 2299 767 2366 speret
787 2287 934 2364 incipienti
954 2289 1047 2346 statim

256 2407 341 2465 posse
361 2388 544 2464 contingere;
565 2388 625 2459 sed,
646 2386 720 2444 sicut
740 2386 769 2444 in
790 2385 960 2462 cogitatione
979 2404 1048 2461 prae-

205 2482 207 2485 ’
257 2484 391 2560 cipimus,
411 2483 451 2541 ita
477 2483 641 2541 facilitatem
668 2481 885 2557 extemporalem
914 2501 929 2539 a
955 2481 1047 2559 parvis

257 2580 348 2638 initiis
372 2580 507 2656 paulatim
534 2579 723 2656 perducemus
750 2579 782 2635 ad
804 2597 957 2636 summam:
985 2597 1047 2654 quae

256 2694 351 2751 neque
377 2675 485 2751 perfici,
505 2694 598 2750 neque
618 2674 768 2747 contineri,
789 2674 842 2730 nisi
863 2693 926 2746 usu,
946 2684 1045 2749 potest.

259 2771 305 2828 19.
327 2771 462 2829 Ceterum
481 2771 627 2846 pervenire
640 2788 676 2827 eo
689 2769 781 2840 debet,
797 2779 827 2826 ut
841 2769 1047 2845 cogitationen

258 2866 357 2940 utique
369 2867 469 2924 melior
482 2866 519 2923 sit
538 2885 581 2938 aa,
595 2867 644 2924 sed
665 2865 767 2934 tutior;
788 2883 853 2921 oum
873 2865 946 2922 hano
961 2863 1047 2922 felici·

256 2970 346 3018 tatem
364 2981 423 3019 non
442 2980 526 3038 prosa
539 2961 623 3019 modo
644 2962 725 3018 multi
745 2960 801 3017 sint
821 2960 976 3032 consecuti,
996 2961 1046 3019 sed

255 3055 343 3113 enam
358 3057 493 3129 carmine,
508 3067 539 3115 ut
552 3057 702 3134 Antipater
716 3039 860 3126 sumtus,
876 3065 905 3112 et
918 3055 1046 3114 utentur

181 3214 186 3220 ,
257 3152 397 3210 Archias:
412 3153 584 3211 credendum
598 3153 673 3210 enim
688 3150 821 3209 Ciceroni
835 3161 895 3208 est:
910 3169 966 3208 nou
981 3153 1047 3227 quia
1141 3149 1146 3158 '

256 3247 362 3304 nostris
375 3265 487 3323 quoque
500 3246 674 3322 temporibus
687 3264 744 3302 non
758 3255 786 3302 et
800 3244 918 3302 fecerint
932 3244 1046 3319 quidam

256 3343 324 3419 hoc,
351 3355 380 3404 et
406 3343 526 3402 faciant:
560 3343 636 3420 quod
667 3351 763 3400 tamen
788 3360 845 3399 non
872 3341 962 3418 ipsum
988 3349 1044 3399 tam
