2675 4009
283 561 339 622 112
501 567 536 616 Μ.
558 567 627 614 vnn.
647 545 854 624 aumvruinm

281 717 331 778 red
345 718 424 796 prius
437 735 542 776 nomen
557 735 573 774 a
586 735 667 788 voce,
682 733 807 792 sequens
826 734 844 773 a
863 724 946 792 gestu
965 712 1085 773 videtur

283 816 422 892 accipere.
462 814 597 890 Namque
621 815 757 872 actionem
777 813 882 871 Cicero
904 811 974 870 alias
993 810 1085 888 quasi

282 931 436 984 remonon,
464 911 534 970 alias
566 911 751 986 eloquentiam
783 908 926 986 quondam
952 906 1081 984 corporis

282 1008 360 1066 dicit.
400 1007 482 1066 Idem
509 1017 605 1064 tamen
625 1006 698 1064 duas
717 1005 780 1082 ejus
798 1014 893 1080 partes
913 1003 992 1071 lacit,
1012 1021 1082 1078 quae

281 1114 347 1162 enat
360 1104 466 1162 eadem
481 1103 739 1180 pronunciationis,
753 1121 843 1160 uocem
863 1111 948 1174 atque
966 1107 1079 1157 mium.

280 1199 463 1275 Quapropter
478 1212 597 1274 utraque
611 1198 800 1275 appellatione
820 1196 1013 1254 indifferenter
1033 1194 1080 1252 uti

280 1295 356 1354 licet.
397 1297 425 1354 2.
448 1296 544 1354 Habet
558 1307 652 1356 nutem
665 1313 712 1352 res
730 1294 793 1370 ipsa
812 1293 914 1351 miram
933 1290 1080 1367 quandam

281 1392 312 1450 in
338 1394 515 1454 orationibus
541 1393 597 1452 vim
626 1411 659 1450 ac
685 1400 871 1466 potestatem
897 1406 992 1464 noque
1017 1397 1080 1444 tarn

281 1490 375 1563 refert,
397 1492 492 1566 qualia
511 1491 576 1560 sint,
598 1508 660 1564 qua
682 1489 756 1545 intra
775 1496 886 1544 nannet
905 1485 981 1562 ipsos
1000 1502 1081 1542 corn·

280 1587 437 1662 posuimus,
457 1605 542 1660 quarn
563 1603 620 1660 quo
639 1583 726 1641 modo
746 1583 916 1640 efferantur:
943 1598 1011 1638 nam
1036 1579 1081 1638 ita

281 1683 411 1758 quisque,
426 1692 456 1740 ut
471 1681 559 1752 audit,
574 1690 713 1738 movetur.
754 1678 857 1740 Quare
870 1696 964 1753 neque
977 1677 1081 1754 probe-

280 1777 322 1836 tio
335 1778 402 1849 ulla,
417 1797 479 1853 que
502 1776 596 1852 aliquo
618 1775 703 1834 modo
722 1776 801 1834 venit
820 1775 856 1832 ab
875 1784 998 1846 oratore,
1017 1784 1078 1832 tam

280 1874 361 1934 firma
374 1885 426 1948 eet,
440 1884 472 1932 ut
485 1893 543 1932 non
556 1873 656 1950 perdat
668 1873 743 1932 vires
762 1891 837 1942 suas,
852 1871 908 1930 nisi
929 1871 1077 1947 adjuvatur

282 1971 487 2030 asseveratione
507 1969 638 2030 dicentis.
680 1969 811 2028 Affectus
831 1967 925 2026 omnis
944 1967 1078 2044 langues-

281 2078 328 2128 cat
353 2087 472 2128 necesse
498 2078 551 2140 est,
578 2067 635 2126 nisi
661 2086 735 2138 oooe,
761 2066 853 2136 eaba,
873 2064 962 2122 totius
986 2081 1078 2140 propo

279 2167 380 2224 tabita
407 2167 543 2243 eorporis,
564 2165 733 2222 inardescat
774 2163 801 2222 3.
821 2161 899 2220 Nam
920 2179 988 2220 cum
1013 2160 1077 2218 brec

280 2263 376 2322 omnia
389 2263 550 2334 fecerimus,
565 2262 664 2320 felices
684 2271 790 2330 tamen,
803 2259 828 2316 si
847 2268 976 2316 nostrum
995 2257 1077 2317 illurn

280 2358 377 2434 ignem
405 2357 493 2432 judex
526 2357 708 2432 conceperit:
741 2355 848 2412 nedum
880 2373 948 2413 eum
980 2353 1076 2430 supini

280 2451 432 2528 securique
444 2469 617 2518 moveamus,
633 2469 667 2508 ac
681 2469 740 2508 non
753 2450 814 2526 ipse
834 2461 932 2510 nostra
951 2449 1077 2508 oscitati-

280 2566 335 2606 one
362 2547 493 2604 aolvatur.
542 2547 569 2604 4.
591 2546 775 2604 Documento
800 2556 868 2604 sunt
893 2547 938 2604 vel
965 2546 1074 2604 scenici

282 2655 401 2716 actores,
416 2644 465 2720 qui
479 2653 508 2702 et
521 2643 635 2720 optimis
647 2647 798 2719 poetarum
811 2652 923 2700 tantum
938 2642 1076 2719 adjiciunt

281 2745 389 2823 gratia,
411 2755 442 2802 ut
462 2763 513 2802 noe
534 2743 645 2801 infinito
665 2742 757 2819 magis
777 2742 878 2800 eadem
898 2742 948 2800 illa
968 2742 1074 2814 audita,

282 2861 366 2916 quarn
379 2842 463 2914 lecta,
478 2841 634 2910 delectent;
655 2851 684 2896 et
697 2839 841 2896 vilissimis
854 2839 942 2897 etiam
961 2839 1076 2913 quibus·

283 2939 347 2998 dem
374 2940 524 3016 impetrant
552 2957 643 3009 aures,
664 2947 705 3008 ut,
726 2938 830 3012 quibus
855 2937 951 2996 nullus
976 2947 1019 2994 est
1045 2938 1076 2996 in

283 3035 464 3094 bibliothecis
477 3036 569 3107 locus,
583 3035 620 3092 sit
639 3034 726 3091 etiam
747 3034 879 3109 frequens
899 3034 929 3092 in
949 3034 1074 3092 theatris

282 3134 310 3192 ὅ.
331 3131 446 3194 Quodsi
474 3132 503 3190 in
529 3133 624 3202 rebus,
645 3149 716 3206 quas
742 3131 823 3188 fictas
837 3149 900 3188 esse
919 3130 1028 3188 scimus
1047 3141 1077 3188 et

283 3229 393 3300 inanes,
420 3237 529 3284 tautum
563 3227 764 3302 pronunciatio
796 3237 900 3302 potest,
928 3237 960 3284 ut
992 3227 1075 3298 iram,

262 3325 424 3396 lacrimae,
457 3322 681 3382 sollicitudinem
719 3323 827 3395 afferat,
866 3333 973 3398 quanto
1011 3322 1076 3400 plus
