2675 4009
255 574 292 634 10
475 587 511 634 u.
530 589 600 635 rus.
617 589 823 646 oummnmm

253 733 492 810 significationem
516 739 612 810 modo,
633 740 684 797 sed
705 739 809 798 formas
829 739 914 799 etium
934 749 1046 800 mensu·

253 845 355 904 resque
381 833 508 890 norimus
533 845 572 905 et,
593 835 758 910 ubicunque
784 846 868 892 erunt
887 835 988 911 posita,
1010 853 1046 893 uu

254 930 435 1001 conveniant,
454 932 510 989 nisi
533 934 622 990 multa
645 933 769 991 lectione
794 944 877 1009 utque
901 933 1046 992 auditione

255 1028 365 1101 assequi
402 1029 482 1086 nullo
515 1031 601 1087 modo
632 1050 797 1108 possumus;
832 1049 899 1088 cum
931 1049 1046 1088 omnem

253 1141 414 1182 sermonem
428 1126 543 1183 auribus
556 1128 681 1203 primum
703 1128 884 1203 accipiamus.
927 1125 1045 1202 Propter

254 1219 331 1292 quod
355 1220 478 1279 infantes
502 1242 518 1280 a
541 1224 628 1281 mutis
654 1225 816 1281 nutricibus
837 1224 925 1300 jussu
945 1241 1045 1300 regum

253 1314 284 1371 in
311 1317 465 1394 solitudine
498 1321 623 1393 educati,
650 1321 762 1379 etiamsi
796 1321 882 1376 verbu
915 1320 1045 1394 quedem

253 1414 382 1472 emisisse
395 1417 554 1488 truduntur,
569 1429 664 1474 tamen
685 1416 820 1490 loquendi
841 1415 975 1472 facultate
1000 1433 1046 1472 cu·

252 1523 378 1570 ruerunt.
424 1515 468 1569 ll.
490 1515 564 1569 Sunt
588 1523 683 1569 autem
705 1512 759 1568 elia
778 1511 861 1587 hujus
880 1521 999 1581 nuturae,
1014 1521 1046 1568 ut

254 1607 330 1664 idern
355 1609 485 1684 pluribus
511 1609 631 1665 vocibus
658 1608 815 1679 declarent,
844 1609 883 1665 itu
909 1617 941 1664 ut
973 1607 1044 1664 nihil

253 1704 480 1780 significationis,
507 1723 565 1778 quo
595 1705 691 1780 potius
724 1705 822 1776 utaris,
850 1705 979 1762 intersit:
1014 1713 1046 1762 ut

252 1801 325 1858 cusis
339 1810 368 1858 et
378 1801 514 1876 gladius:
537 1801 600 1873 alia,
615 1821 678 1877 quae
692 1802 803 1859 etiamsi
816 1802 931 1878 propriu
940 1807 1046 1860 'rerum

254 1897 412 1972 aliquarum
426 1897 483 1954 sint
502 1898 628 1969 nomina,
642 1903 774 1971 τροπικῶς
799 1898 879 1974 quasi
895 1907 991 1956 tamen
1010 1897 1046 1955 ud

253 1994 376 2052 eundem
390 1994 567 2052 intellectum
581 1996 720 2066 feruntur,
734 2006 766 2052 ut
771 1994 887 2071 ferrum
902 2005 930 2053 et
943 2015 1044 2052 mucro.

255 2093 300 2149 12.
328 2091 405 2149 Nam
425 2111 475 2168 per
496 2093 664 2150 abusionem
691 2093 809 2151 sicarios
834 2094 919 2151 etiam
946 2111 1046 2151 omnes

253 2207 397 2257 vocamus,
419 2190 469 2265 qui
490 2191 599 2248 caedem
622 2191 680 2247 telo
700 2209 872 2266 quocunque
897 2191 1047 2247 commise-

253 2286 317 2344 rint.
359 2287 428 2342 Alia
450 2286 573 2343 circuitu
596 2287 749 2341 verborum
775 2285 898 2359 plurium
922 2284 1047 2341 ostendi·

253 2401 333 2438 mus:
354 2381 438 2455 quale
451 2390 504 2450 est,
519 2379 565 2436 Et
580 2379 676 2455 messi
690 2380 772 2454 copia
786 2379 877 2436 lactis.
918 2377 1047 2436 Plurima

253 2495 321 2534 vero
341 2476 498 2534 mutatione
517 2475 683 2552 figuramus,
704 2474 781 2546 Scio,
795 2473 862 2532 Non
883 2475 992 2549 ignoro,
1007 2485 1045 2546 et,

253 2573 321 2632 Non
346 2593 387 2630 ms
404 2571 504 2649 fugit,
525 2582 563 2642 et,
587 2571 655 2628 Non
681 2590 722 2628 me
742 2571 885 2646 proterit,
906 2580 944 2642 et,
969 2571 1046 2640 Quis

254 2672 361 2728 mail?
389 2680 427 2741 et,
447 2669 562 2728 Nemini
581 2667 696 2726 dubium
716 2676 765 2725 est.
809 2667 853 2724 13.
882 2667 940 2724 Sed
960 2669 1047 2725 etium

255 2788 291 2827 ex
311 2754 440 2845 proximo
457 2767 580 2824 mutuari
600 2766 676 2823 licet.
719 2764 796 2822 Nam
814 2774 843 2821 et
864 2765 1004 2840 intelligo,
1019 2774 1048 2822 et

254 2867 352 2937 smtio,
379 2877 408 2923 et
434 2865 522 2935 video,
549 2881 624 2939 supe
651 2863 727 2920 idem
754 2861 857 2933 valent,
879 2861 955 2936 quod
981 2863 1046 2920 scio.

253 2963 388 3024 Quorum
407 2962 491 3018 nobis
511 2961 669 3017 ubertatem
686 2978 719 3016 uc
733 2958 845 3016 divitius
859 2958 938 3015 dubit
950 2958 1047 3032 lectio,

255 3069 287 3114 ut
313 3077 370 3114 non
403 3059 496 3114 solum
522 3057 666 3132 quomodo
692 3065 854 3126 occurrent,
883 3055 933 3111 sed
961 3055 1048 3113 etiam

255 3154 397 3229 quomodo
429 3165 549 3229 oportet,
577 3164 698 3211 utamur.
755 3152 799 3210 14.
834 3150 903 3208 Non
937 3169 1048 3227 semper

256 3251 333 3309 enim
356 3250 419 3306 hnc
439 3251 511 3307 inter
532 3269 562 3338 se
581 3251 657 3307 idem
678 3249 806 3307 faciunt:
834 3268 889 3307 nec
921 3250 995 3307 sicut
1012 3247 1049 3304 de

175 3412 179 3418 ,
256 3347 403 3406 intellectu
421 3346 509 3406 animi
526 3358 604 3406 recto
619 3349 749 3421 dixerim,
763 3347 851 3421 video,
868 3347 908 3406 ita
927 3346 963 3403 de
986 3343 1049 3402 visu
