2675 4009
435 575 673 624 rosconmon.
693 575 817 625 mam.
838 576 858 622 1.
1005 565 1046 628 85

252 732 297 782 ter
309 723 388 783 enim
398 740 453 800 pro
465 725 523 784 alio
534 744 612 801 saepc
631 725 787 784 dicendum
805 733 859 796 est,
873 733 906 784 ut
925 725 1046 800 quisquc

252 819 391 893 innectus,
418 822 541 893 homilis,
574 822 742 894 invidiosas,
768 821 948 898 favorabilis
981 822 1046 892 erit,

254 915 366 992 adjecta
390 918 599 993 propositorum
624 937 738 994 qnoque
764 928 794 976 et
821 927 958 976 anteactae
983 918 1049 975 vitm

253 1011 421 1072 differentia.
470 1013 687 1072 Jnoundissima
711 1033 780 1072 vero
805 1014 836 1072 in
862 1024 975 1072 oratore
1000 1014 1051 1072 iru-

252 1109 388 1176 nanitas‚
400 1107 551 1184 facilitas,
570 1110 733 1183 moderatio,
754 1111 949 1170 benevolentia.
991 1111 1050 1170 Sed

255 1204 305 1262 illa
324 1223 438 1279 quoque
457 1205 569 1264 diversa
587 1206 695 1264 bonum
715 1206 808 1265 virum
827 1208 940 1280 decent,
961 1208 1052 1266 malos

256 1300 360 1371 odisse,
374 1301 490 1376 publica
502 1302 567 1360 rice
579 1302 765 1375 commoveri,
781 1303 871 1360 ultum
885 1303 927 1361 ire
941 1304 1051 1362 scelera

256 1405 287 1457 ct
298 1395 434 1474 injurias:
454 1407 484 1456 et
498 1397 604 1471 omnia,
618 1408 651 1455 ut
664 1398 748 1456 initio
761 1398 831 1470 dixi,
845 1399 973 1456 honesta.

295 1492 343 1551 43.
370 1492 436 1552 Nec
455 1504 576 1566 tantum,
597 1495 661 1572 quis
682 1505 711 1553 et
728 1515 782 1571 pro
801 1515 867 1571 qna,
888 1495 1053 1568 sedetiam,

256 1590 338 1668 apud
347 1611 426 1668 quart
437 1591 527 1663 dicas,
542 1592 668 1651 interest.
710 1592 795 1650 Facit
808 1591 884 1652 enirn
899 1601 929 1650 et
941 1592 1055 1650 fortuna

257 1687 413 1745 discrimen
432 1697 462 1746 ct
480 1698 625 1764 potestas:
652 1707 709 1747 nec
728 1689 829 1747 eadem
850 1688 925 1764 apud
951 1687 1056 1764 princi·

258 1802 334 1860 pem,
355 1783 561 1862 magistratum,
582 1795 752 1852 senatorem,
772 1785 923 1860 privatum,
944 1793 1056 1844 tantum

259 1879 392 1952 liberum,
418 1880 491 1937 ratio
517 1890 579 1938 est:
612 1899 669 1938 nec
701 1881 802 1938 eodem
836 1899 908 1940 sono
940 1881 1057 1956 publico

264 1976 386 2052 judicia,
412 1984 442 2035 et
468 1975 641 2034 arbitrorum
667 1976 890 2052 disceptationes
924 1987 1055 2054 aguntur.

260 2071 309 2130 44.
330 2070 407 2128 Nam
421 2080 453 2130 ut
465 2080 594 2130 orantem
606 2090 659 2148 pro
672 2071 766 2147 capite
779 2071 943 2130 sollicitudo
957 2073 1058 2130 deceat

261 2177 293 2228 et
317 2185 396 2239 cura,
417 2177 447 2224 ct
471 2185 572 2226 omnes
592 2167 628 2225 ad
647 2167 876 2243 amplificandam
898 2167 1058 2226 orationem

261 2264 344 2342 qnasi
363 2262 522 2322 machion:
542 2263 584 2322 ita
596 2264 626 2322 in
639 2263 733 2340 parvis
753 2264 839 2322 rebus
856 2263 1059 2340 judicibusque

262 2380 336 2420 rana
352 2359 420 2420 sint
437 2359 548 2432 eadem,
568 2360 752 2435 rideaturque
778 2360 889 2432 merito,
911 2359 958 2436 qui
982 2360 1059 2437 apud

262 2458 482 2535 disceptatorem
501 2457 539 2514 de
563 2475 595 2516 re
620 2456 765 2515 levissima
790 2457 893 2516 sedens
918 2457 1058 2530 dicturus,

263 2565 359 2618 utatur
382 2555 433 2614 ilia
457 2554 610 2614 Ciceronis
635 2553 825 2626 confessione,
846 2573 902 2612 ann
927 2555 1005 2613 modo
1031 2573 1060 2612 sc

263 2652 356 2711 animo
375 2651 545 2722 ammoneri,
564 2649 615 2708 scd
631 2650 717 2708 ctiam
737 2668 848 2726 corpore
868 2651 929 2726 apso
942 2650 1060 2726 perham

263 2767 377 2806 rescae.
429 2748 477 2804 45.
504 2746 584 2809 Quis
609 2763 677 2804 vcro
702 2745 822 2817 nesciat,
849 2755 956 2820 quanto
983 2743 1060 2804 alind

264 2843 381 2902 dicendi
406 2860 498 2920 genus
522 2851 623 2918 poscat
647 2841 771 2918 gravitas
804 2840 954 2912 senatoria,
983 2839 1059 2898 alind

158 2994 162 2998 Α
266 2938 514 3014 aurapopuiarist
535 2957 603 2995 cum
615 2937 703 2996 etiam
717 2937 838 3014 singulis
854 2937 1059 3013 judicantibus,

265 3055 325 3096 non
338 3035 415 3092 idem
429 3033 504 3111 apud
522 3052 623 3110 graves
642 3035 727 3106 rans,
747 3033 824 3109 qnod
844 3033 979 3106 levioree;
1001 3051 1059 3094 non

267 3132 345 3192 idem
370 3130 446 3206 apud
470 3129 723 3206 etenimquod
748 3129 910 3202 militarem,
925 3149 960 3188 ac
979 3130 1061 3190 rusti·

267 3245 336 3290 com
348 3227 466 3288 dcceat:
487 3226 582 3305 sitque
593 3245 798 3303 muraenam
811 3227 1018 3288 summittendo
1032 3235 1061 3285 et

501 3323 523 3384 8
