2675 4009
459 558 543 611 INST.
560 558 700 606 ortem
714 557 775 606 uu.
792 558 824 606 X.
842 560 862 605 1.
1020 551 1058 614 31

259 708 476 787 ierosoluelegi
485 709 599 787 dignus.
634 708 713 766 Noui
723 719 753 766 et
763 708 886 786 insurgit
897 708 1060 785 aliquando,

259 818 290 868 et
313 808 417 884 plenus
442 818 486 866 est
516 806 705 884 jucunditatis
728 816 757 864 et
783 807 892 884 gratiis,
919 817 949 866 et
974 808 1063 864 variis

259 906 359 983 figuris
373 915 402 964 et
421 905 516 964 verbis
536 903 701 962 felicissirne
722 903 822 962 audax.
864 904 897 962 Si
917 903 1061 980 quendam

260 1003 385 1079 adjicere
398 1003 479 1074 veiis,
493 1002 519 1060 is
531 1000 586 1060 erit
601 1001 711 1060 Cosius
724 1001 850 1073 Bassus,
864 1019 949 1078 quern
970 1017 1062 1077 nuper

258 1094 403 1158 vidimus:
431 1098 483 1156 sed
503 1116 570 1156 eum
589 1098 677 1174 louge
697 1099 864 1174 proeoedunt
886 1098 1003 1176 ingenia
1022 1097 1063 1155 vi·

198 1254 201 1259 Α
259 1197 395 1255 rentium.
435 1196 483 1253 97.
505 1193 669 1271 Trugoediae
691 1195 843 1270 scriptores
863 1205 991 1254 veterum
1004 1194 1063 1252 Ac-

259 1295 320 1352 cius
335 1303 419 1369 utque
431 1291 583 1360 Pacuvius
597 1291 749 1350 clarissimi
762 1292 900 1368 gravitate
911 1291 1063 1350 sententia-

259 1409 334 1462 rum,
348 1390 501 1449 verborum
520 1389 659 1466 pondere,
675 1389 846 1446 auctoritate
865 1407 1061 1464 personarum.

260 1487 399 1546 Ceterum
418 1487 505 1559 nitor,
519 1496 549 1544 et
561 1504 675 1544 summu
689 1485 720 1542 iu
740 1484 907 1557 exoolendis
927 1485 1063 1561 operibus

159 1553 373 1655 dirimimus,
399 1583 492 1661 magis
518 1583 609 1641 videri
640 1592 736 1659 potest
762 1571 949 1658 temporib'u's,
976 1561 1080 1658 quiin·
1104 1569 1110 1589 '

137 1696 138 1704 ¹
261 1681 330 1758 ipsis
342 1681 476 1740 defuisse.
517 1681 582 1738 Viri
646 1691 743 1765 tumen
764 1680 860 1738 Aooio
879 1680 944 1757 plus
964 1679 1064 1738 tribui·

259 1787 323 1836 tur:
348 1778 506 1836 Pacuvium
527 1777 555 1834 vi
575 1756 809 1848 &insitionem
830 1777 879 1852 qui
900 1795 964 1836 esse
984 1777 1063 1834 docti
1077 1761 1097 1834 ⁵,

262 1875 520 1944 affectantvoiunt.
561 1874 609 1931 98.
632 1873 698 1932 Jarn
719 1874 803 1932 Varii
823 1873 959 1950 Thyestes
981 1873 1064 1932 ouili·

260 1956 309 2030 bet
328 1972 495 2030 Graeoarum
516 1971 677 2046 comparari
697 1981 798 2048 potest.
845 1971 947 2030 Ovidii
961 1972 1064 2030 Medea

261 2068 372 2125 ridetur
387 2067 458 2124 mihi
471 2067 631 2137 ostendere,
644 2077 783 2142 quantum
798 2068 847 2126 ille
868 2068 909 2125 vir
928 2079 1064 2143 praestare

260 2164 395 2240 potuerit,
406 2162 432 2220 si
446 2163 564 2240 ingenio
574 2182 628 2220 suo
639 2172 800 2237 temperare
813 2181 899 2237 quarn
914 2163 1064 2239 indulgere

260 2262 416 2322 maluisset.
458 2260 567 2319 Eorum
587 2279 660 2337 quos
680 2260 810 2333 viderim,
824 2261 910 2338 longe
930 2261 1065 2338 princepe
1150 2296 1152 2300 ·

260 2360 437 2436 Pomponius
448 2357 606 2430 Secundum
615 2377 702 2434 quern
713 2376 796 2416 senes
807 2377 907 2434 parurn
921 2359 1065 2436 tragicum

260 2459 408 2534 putabunt,
429 2455 591 2515 eruditione
619 2475 653 2514 uo
679 2455 774 2514 nitore
793 2466 928 2532 praestare
948 2457 1065 2515 eonfite-

261 2555 373 2613 bantur.
413 2555 462 2615 99.
484 2552 519 2610 In
539 2552 683 2610 oomoedia
699 2553 827 2612 maxime
847 2554 1063 2626 claudicamus3

261 2653 330 2711 lioet
342 2653 437 2710 Varro
449 2650 563 2722 Musas,
577 2649 648 2708 AElii
664 2649 786 2708 Stilonis
800 2653 953 2724 sententia,
969 2652 1066 2710 Plou-

262 2751 322 2808 tino
335 2750 413 2808 diost
426 2767 547 2808 sermone
561 2748 706 2805 uenturos
713 2745 821 2823 fuisse,
830 2749 857 2806 si
867 2749 976 2806 Latine
987 2749 1065 2825 loqui

262 2851 383 2915 vellent,-
411 2849 481 2908 lioet
503 2847 649 2905 coritium
669 2857 780 2905 veteres
799 2847 933 2905 laudibus
953 2847 1064 2920 seront;

263 2946 332 3004 licet
356 2946 484 3006 Terentii
509 2945 620 3021 scripta
646 2943 684 3001 ud
704 2943 872 3018 Scipionem
893 2944 1065 3002 Astioanum

264 3043 439 3102 referantur:
467 3061 532 3119 quse
551 3051 648 3100 tumen
668 3041 786 3100 suntin
807 3040 863 3099 hoo
883 3060 988 3118 genere
1009 3042 1065 3100 ele·

264 3139 440 3218 genimima,
454 3149 484 3198 et
496 3140 561 3215 plus
575 3139 669 3198 adhue
683 3138 816 3196 habitura
829 3139 939 3215 grstiae,
950 3139 975 3196 si
989 3139 1064 3197 intra

264 3255 362 3297 versus
375 3236 518 3294 trimetros
531 3236 684 3294 stetissent.
727 3234 792 3294 100.
814 3235 872 3294 vix
885 3235 976 3294 levem
997 3253 1065 3292 oon·

253 3323 410 3416 'smuimur
443 3334 585 3420 umbram,
611 3334 685 3397 udeo
718 3344 752 3396 ut
776 3333 849 3396 mihi
881 3351 977 3396 sermo
1002 3331 1067 3412 ipse

435 3421 693 3518 ‘'dmsspfw
704 3469 780 3518 eo„
