2675 4009
284 595 322 657 tt
504 609 541 656 ar.
559 608 628 656 ran
648 609 854 666 domninum
944 657 949 670 ,

280 756 345 816 liaeo
369 759 496 830 lascivia,
516 759 695 835 deliciaeque,
715 771 745 819 et
770 761 869 819 omnia
895 759 930 818 ad
950 761 1077 838 volupta-

280 865 339 914 tem
358 857 549 914 multitudinis
569 857 707 934 imperitae
735 859 901 934 composita,
923 859 1075 918 dalocum

279 953 327 1011 44.
353 953 484 1030 Ipsorum
510 955 609 1026 etiam,
625 955 677 1030 qui
703 965 814 1014 reatum
841 956 956 1020 dicendi
983 973 1075 1033 genus

278 1051 361 1125 sequi
374 1050 483 1122 volunt,
496 1051 546 1108 alii
557 1069 656 1127 pressa
668 1052 784 1112 demum
797 1063 826 1110 et
838 1051 945 1124 tenuia,
961 1063 990 1110 et
1010 1071 1074 1129 quae

279 1144 428 1202 minimum
456 1146 493 1204 ab
519 1165 573 1204 usu
600 1147 768 1222 quotidiano
788 1147 933 1218 resedent,
955 1166 1024 1205 sana
1043 1158 1072 1206 et

278 1260 345 1299 rere
358 1242 458 1300 Attiou
475 1254 592 1318 pistant:
613 1244 752 1320 quosdam
772 1241 871 1310 elatior
891 1244 999 1321 ingenii
1019 1245 1072 1316 via,

278 1348 307 1396 et
326 1339 417 1417 magis
437 1341 589 1425 consitam,
610 1353 638 1423 et
652 1341 718 1426 alti,
730 1337 846 1422 spiritus
868 1341 953 1420 plena
977 1339 1070 1416 oepit:

276 1445 344 1494 sunt
363 1420 459 1494 etiarri
468 1420 552 1510 leiiis',
573 1426 715 1509 et‘nifi'di,
735 1428 765 1494 e‘t
785 1419 936 1520 oomuoiiti
957 1436 1071 1514 generis

275 1552 335 1593 non
349 1536 433 1610 pauoi
447 1546 593 1593 amatores.
635 1535 682 1594 De
695 1553 751 1610 qua
761 1534 922 1594 differentia
934 1535 1071 1594 disseram

277 1629 452 1706 diligentius,
475 1647 542 1687 oum
562 1630 598 1688 de
618 1649 724 1707 genere
743 1631 859 1688 dicendi
886 1632 1071 1706 querendum

276 1725 338 1782 erit
379 1725 497 1784 Interim
511 1727 684 1798 summatim,
699 1727 767 1802 quid
781 1737 810 1784 et
831 1747 847 1784 a
867 1747 923 1803 qua
943 1727 1069 1786 lectione

275 1835 373 1899 petere
385 1824 504 1900 possint,
518 1825 568 1900 qui
581 1825 750 1884 consumare
771 1825 934 1884 facultatem
955 1824 1071 1882 dioendi

276 1920 384 1993 volunt,
409 1922 554 1998 attingam.
602 1923 650 1980 to.
678 1922 790 1980 Paucos
817 1922 904 1993 enim,
927 1921 975 1996 qui
1002 1931 1069 1978 sunt

276 2019 503 2091 eminentissimi,
524 2036 675 2096 excerpere
688 2021 725 2078 in
753 2021 849 2078 animo
876 2029 926 2079 est.
968 2018 1069 2076 Facile

275 2125 319 2172 est
340 2127 434 2174 autem
454 2116 598 2188 studiosis,
618 2115 668 2192 qui
683 2117 746 2176 sint
765 2116 810 2174 his
830 2113 977 2186 simillimi,
996 2113 1070 2190 judi-

276 2231 359 2271 care:
380 2213 585 2289 nequisquam
606 2224 750 2288 queratur,
772 2213 894 2270 omissos
920 2211 993 2270 sorte
1021 2209 1069 2268 ali·

275 2329 356 2384 quos,
371 2327 442 2382 quos
457 2309 516 2383 ipse
530 2309 611 2365 valde
623 2310 732 2384 probet.
767 2307 871 2364 Fateor
885 2307 961 2364 enim
974 2306 1069 2382 plures

274 2405 412 2480 legendos
426 2422 498 2474 esse,
511 2422 596 2478 quam
610 2404 659 2477 qui
674 2423 691 2460 a
704 2421 749 2460 me
763 2403 993 2461 nominabuntur.

315 2501 374 2558 Sed
388 2518 466 2556 nuno
478 2517 584 2576 genera
597 2499 658 2575 ipsa
669 2499 838 2570 lectionum,
849 2519 912 2575 quse
925 2501 1069 2576 praecipue

274 2597 429 2656 eonvenite
449 2597 672 2669 intendentibus,
686 2607 717 2654 ut
737 2607 863 2655 oratores
883 2596 961 2670 liunt,
976 2597 1070 2655 existi·

276 2713 362 2766 mem,
376 2712 540 2771 persequor.

229 2767 262 2910 V
314 2792 362 2849 46.
389 2790 490 2868 Igitur,
517 2801 550 2848 ut
575 2790 683 2848 Aratus
715 2791 751 2850 ab
777 2791 846 2849 Jove
879 2789 1069 2866 incipiendum

259 2899 365 2963 -putat,
386 2887 425 2946 ita
444 2907 497 2945 nos
517 2888 570 2944 rite
590 2888 711 2963 ooepturi
733 2888 768 2945 ab
789 2887 912 2945 Homero
930 2885 1067 2948 videmur.

276 2983 336 3043 Hie
355 2986 441 3056 enim,
462 2984 701 3061 quemadmodum
727 3003 758 3042 en
784 3003 884 3042 oceano
911 2981 982 3040 dicit
1007 2982 1067 3059 ipso

276 3082 398 3139 amnium
423 3083 479 3139 vim
496 3080 677 3158 fontiumque
704 3099 802 3138 corsus
823 3079 937 3137 initium
957 3099 1066 3155 capere,

275 3177 409 3236 omnibus
421 3178 591 3253 eloquentior
603 3177 731 3253 partibus
744 3176 903 3251 exemplum
924 3185 954 3233 et
973 3185 1067 3232 ortum

276 3275 362 3334 dedit
404 3273 494 3332 Hune
506 3293 591 3332 nemo
605 3273 634 3331 iu
647 3273 767 3350 magnis.
779 3273 863 3332 rebus
883 3269 1065 3340 sublimitate,

275 3372 307 3432 ia
319 3373 413 3452 parvis
424 3371 595 3452 proprietate
608 3369 789 3449 superaverit
830 3369 911 3428 idem
931 3368 1013 3426 latus
1033 3383 1067 3424 ao
