2675 4009
435 593 517 642 ttts'r.
536 592 674 640 ORATOR.
693 591 756 640 tls.
775 591 819 639 XI.
837 593 860 639 3.
990 585 1046 646 181

251 761 298 802 ms
325 743 435 802 animus
461 743 578 815 eminet,
598 752 631 800 ut
656 743 731 802 citra
755 751 866 802 motum
886 752 1049 819 quoquest

251 839 391 898 hiliritute
417 839 586 910 enitescunt,
607 849 636 896 et
655 839 777 897 tristitie
804 839 948 915 quoddam
967 839 1049 898 uubi-

250 935 310 994 lum
337 937 452 994 ducent.
493 935 577 996 Quin
603 935 691 992 etium
715 935 850 994 lacrimas
875 935 921 992 his
946 944 1049 992 nutrire

250 1033 354 1092 mentis
367 1032 478 1090 indices
498 1031 595 1090 dedit:
616 1050 680 1105 quae
700 1041 749 1089 out
768 1041 921 1108 erumpunt
938 1032 1048 1104 dolore,

252 1138 301 1186 eut
319 1127 418 1185 letitia
437 1136 561 1184 manunt.
603 1125 688 1184 Motu
708 1120 776 1184 vero
795 1128 906 1201 intenti,
922 1128 1048 1199 remissi,

251 1224 376 1301 superbi,
389 1223 472 1296 torvi,
493 1225 585 1296 mites,
607 1224 700 1300 asperi
718 1225 808 1282 liunt:
829 1245 902 1300 quae,
916 1237 949 1284 nt
968 1237 1050 1284 ectus

251 1321 424 1396 poposcerit,
451 1321 601 1397 fingentur.
651 1321 699 1392 75⁰1.
725 1319 828 1396 Rigidi
855 1339 922 1379 vero
948 1333 977 1380 et
1002 1342 1049 1380 ex·

252 1416 334 1488 tenti,
356 1426 405 1474 eut
430 1416 558 1492 languidi
586 1425 615 1474 et
640 1425 796 1492 torpentes,
817 1426 865 1474 eut
892 1426 1049 1492 stupentes,

254 1519 302 1570 aut
318 1509 420 1574 lascivi
440 1519 469 1568 et
489 1511 617 1582 mobiles,
640 1520 689 1568 aut
714 1520 846 1568 natantes
871 1520 901 1569 et
927 1511 1050 1585 quadum

252 1609 394 1685 voluptate
407 1607 518 1680 suffusi,
534 1608 657 1666 cut'lirni
677 1619 715 1681 et,
730 1620 763 1666 ut
782 1609 826 1667 sic
846 1609 951 1682 dicum,
965 1616 1050 1672 vene·

251 1705 304 1779 rei,
319 1717 367 1764 aut
379 1716 531 1782 poscentes
552 1705 659 1780 aliquid
679 1706 883 1782 pollicentesve
902 1725 1048 1782 nunquam

253 1821 315 1860 esse
334 1803 487 1860 debebunt.
528 1801 557 1859 N
561 1822 606 1860 um
626 1812 741 1878 opertos
767 1821 980 1879 compressosve
999 1821 1050 1862 eos

253 1898 284 1956 in
310 1897 432 1954 dicendo
459 1897 531 1972 quis,
558 1897 614 1954 nisi
639 1897 725 1973 plane
756 1899 846 1955 rudis·
862 1909 911 1956 aut
936 1899 1048 1972 stultus,

253 1991 375 2052 hebeatt
415 1994 462 2049 77.
483 1993 522 2049 Et
548 1993 583 2050 ad
609 1993 673 2050 heo
698 1993 795 2051 omnio
817 1994 1000 2069 exprimenda
1019 1995 1050 2054 in

253 2087 395 2164 palpebris
408 2087 494 2144 etium
513 2096 542 2145 et
561 2087 643 2164 genis
663 2097 707 2145 est
726 2088 869 2162 quoddam
888 2089 1051 2147 deserviens

253 2182 291 2242 iis
309 2182 506 2242 ministerium.
547 2183 594 2242 78.
615 2181 743 2240 Multum
762 2192 791 2240 et
810 2183 973 2260 superciliis
992 2185 1051 2262 egi·

253 2289 308 2338 tur.
362 2277 439 2338 Num
472 2288 501 2338 et
532 2279 631 2338 oculos
658 2279 781 2338 formant
807 2281 994 2356 aliquatenus,
1020 2292 1050 2341 et

255 2375 340 2434 fronti
360 2375 506 2452 imperent.
548 2373 605 2432 His
625 2369 812 2449 contrahitur,
833 2377 981 2450 attollitur,
1001 2377 1050 2437 de·

254 2472 391 2532 mittitur:
419 2482 451 2530 ut
477 2491 536 2530 une
561 2491 607 2530 res
621 2472 651 2530 iu
672 2473 789 2549 euplus
808 2475 911 2547 velent,
932 2477 1049 2554 sanguis

255 2568 312 2641 ille,
327 2569 376 2644 qui
390 2569 492 2628 mentis
505 2569 757 2642 hubitnmovetur‚
772 2580 810 2642 et,
826 2590 893 2629 eum
907 2572 1048 2631 infirmum

225 2662 228 2668 ’
254 2665 427 2724 verecundia
440 2675 535 2722 eutem
550 2666 672 2742 accepit,
685 2666 840 2724 effunditur
853 2668 884 2724 in
897 2670 1046 2739 ruborem3

256 2779 322 2818 cum
336 2769 414 2818 metu
427 2761 542 2837 relegit,
557 2763 615 2821 ubit
629 2761 723 2820 omnis
736 2772 765 2819 et
777 2763 886 2838 pallore
905 2763 1033 2840 frigescit
1038 2784 1047 2835 ς

255 2865 427 2932 temperatus
458 2857 584 2916 medium
616 2859 760 2934 quoddam
792 2877 925 2916 menum
939 2859 1047 2921 efficit.

256 2953 303 3010 79.
330 2951 440 3010 Vitium
466 2953 496 3010 in
523 2955 692 3029 superciliis,
712 2955 738 3012 si
764 2965 813 3012 sut
838 2955 956 3014 immota
981 2969 1049 3016 sunt

257 3046 384 3119 omnino,
399 3058 447 3108 cut
459 3048 580 3106 nimium
594 3050 721 3122 mobilis,
736 3061 785 3108 uut
798 3051 1001 3128 inaequulitute,
1015 3064 1048 3113 ut

256 3142 342 3202 modo
356 3144 391 3202 de
410 3163 532 3220 persona
552 3146 664 3204 comica
683 3147 820 3218 ducrum,
834 3148 983 3223 dissident,
998 3161 1047 3208 aut

256 3248 356 3298 contra
382 3239 420 3311 id,
441 3241 516 3316 quod
542 3241 675 3314 dicimus,
695 3243 848 3322 finguntur.
888 3247 944 3304 Iro
969 3248 1047 3304 enim

256 3337 420 3412 connectis,
446 3339 571 3400 tristitia
597 3339 738 3415 deductis,
757 3343 894 3404 hilaritas
921 3343 1049 3403 remissis
