<?xml version="1.0" encoding="UTF-8"?>
<!DOCTYPE html PUBLIC "-//W3C//DTD XHTML 1.0 Transitional//EN"
    "http://www.w3.org/TR/xhtml1/DTD/xhtml1-transitional.dtd">
<html xmlns="http://www.w3.org/1999/xhtml" xml:lang="en" lang="en">
 <head>
  <title>
</title>
<meta http-equiv="Content-Type" content="text/html;charset=utf-8" />
  <meta name='ocr-system' content='tesseract 3.04.00' />
  <meta name='ocr-capabilities' content='ocr_page ocr_carea ocr_par ocr_line ocrx_word'/>
</head>
<body>
  <div class='ocr_page' id='page_1' title='image "./mfabiiquintilia00dillgoog_0098.png"; bbox 0 0 2675 4009; ppageno 0'>
   <div class='ocr_carea' id='block_1_1' title="bbox 290 563 864 630">
    <p class='ocr_par' dir='ltr' id='par_1_1' title="bbox 290 563 864 630">
     <span class='ocr_line' id='line_1_1' title="bbox 290 563 864 630; baseline 0 -10"><span class='ocrx_word' id='word_1_1' title='bbox 290 563 331 625; x_wconf 72' lang='lat'><strong>92</strong></span> <span class='ocrx_word' id='word_1_2' title='bbox 514 573 550 621; x_wconf 78' lang='lat' dir='ltr'><strong>M.</strong></span> <span class='ocrx_word' id='word_1_3' title='bbox 569 573 639 620; x_wconf 74' lang='lat' dir='ltr'>FAB.</span> <span class='ocrx_word' id='word_1_4' title='bbox 658 571 864 630; x_wconf 74' lang='lat' dir='ltr'><strong>Qmuffllsuu</strong></span> 
     </span>
    </p>
   </div>
   <div class='ocr_carea' id='block_1_2' title="bbox 227 720 1086 3306">
    <p class='ocr_par' dir='ltr' id='par_1_2' title="bbox 290 720 1086 897">
     <span class='ocr_line' id='line_1_2' title="bbox 290 720 1086 799; baseline 0.005 -19"><span class='ocrx_word' id='word_1_5' title='bbox 290 721 428 782; x_wconf 76' lang='lat' dir='ltr'><strong>videatur.</strong></span> <span class='ocrx_word' id='word_1_6' title='bbox 474 723 552 781; x_wconf 80' lang='lat' dir='ltr'><strong>Num</strong></span> <span class='ocrx_word' id='word_1_7' title='bbox 577 733 608 782; x_wconf 88' lang='lat' dir='ltr'><strong>et</strong></span> <span class='ocrx_word' id='word_1_8' title='bbox 632 723 738 782; x_wconf 86' lang='lat' dir='ltr'><strong>nobilis</strong></span> <span class='ocrx_word' id='word_1_9' title='bbox 764 731 793 781; x_wconf 82' lang='lat' dir='ltr'><strong>et</strong></span> <span class='ocrx_word' id='word_1_10' title='bbox 816 720 945 799; x_wconf 81' lang='lat' dir='ltr'><strong>juvenis3</strong></span> <span class='ocrx_word' id='word_1_11' title='bbox 972 731 1003 782; x_wconf 88' lang='lat' dir='ltr'><strong>et</strong></span> <span class='ocrx_word' id='word_1_12' title='bbox 1026 741 1086 784; x_wconf 85' lang='lat' dir='ltr'><strong>nou</strong></span> 
     </span>
     <span class='ocr_line' id='line_1_3' title="bbox 291 818 901 897; baseline 0.003 -21"><span class='ocrx_word' id='word_1_13' title='bbox 291 818 398 897; x_wconf 88' lang='lat' dir='ltr'><strong>injusto</strong></span> <span class='ocrx_word' id='word_1_14' title='bbox 410 821 508 878; x_wconf 84' lang='lat' dir='ltr'><strong>dolore</strong></span> <span class='ocrx_word' id='word_1_15' title='bbox 520 831 637 878; x_wconf 79' lang='lat' dir='ltr'><strong>venerat</strong></span> <span class='ocrx_word' id='word_1_16' title='bbox 649 822 685 878; x_wconf 82' lang='lat' dir='ltr'><strong>sd</strong></span> <span class='ocrx_word' id='word_1_17' title='bbox 700 820 901 878; x_wconf 75' lang='lat' dir='ltr'><strong>accusandum.</strong></span> 
     </span>
    </p>

    <p class='ocr_par' dir='ltr' id='par_1_3' title="bbox 227 916 1082 3306">
     <span class='ocr_line' id='line_1_4' title="bbox 329 916 1082 994; baseline 0.001 -20"><span class='ocrx_word' id='word_1_18' title='bbox 329 918 389 975; x_wconf 81' lang='lat' dir='ltr'><strong>Sed</strong></span> <span class='ocrx_word' id='word_1_19' title='bbox 409 917 439 974; x_wconf 89' lang='lat' dir='ltr'><strong>in</strong></span> <span class='ocrx_word' id='word_1_20' title='bbox 460 917 506 974; x_wconf 86' lang='lat' dir='ltr'><strong>his</strong></span> <span class='ocrx_word' id='word_1_21' title='bbox 524 917 651 992; x_wconf 87' lang='lat' dir='ltr'><strong>quidem,</strong></span> <span class='ocrx_word' id='word_1_22' title='bbox 674 917 829 992; x_wconf 76' lang='lat' dir='ltr'><strong>inaquibus</strong></span> <span class='ocrx_word' id='word_1_23' title='bbox 848 917 893 974; x_wconf 80' lang='lat' dir='ltr'><strong>vel</strong></span> <span class='ocrx_word' id='word_1_24' title='bbox 916 916 1018 994; x_wconf 78' lang='lat' dir='ltr'><strong>judici,</strong></span> <span class='ocrx_word' id='word_1_25' title='bbox 1037 917 1082 976; x_wconf 84' lang='lat' dir='ltr'><strong>vel</strong></span> 
     </span>
     <span class='ocr_line' id='line_1_5' title="bbox 288 1012 1082 1090; baseline 0.003 -20"><span class='ocrx_word' id='word_1_26' title='bbox 288 1012 375 1070; x_wconf 85' lang='lat' dir='ltr'><strong>etiam</strong></span> <span class='ocrx_word' id='word_1_27' title='bbox 389 1013 546 1070; x_wconf 76' lang='lat' dir='ltr'><strong>astantibus</strong></span> <span class='ocrx_word' id='word_1_28' title='bbox 554 1013 627 1070; x_wconf 79' lang='lat' dir='ltr'><strong>ratio</strong></span> <span class='ocrx_word' id='word_1_29' title='bbox 637 1023 741 1072; x_wconf 85' lang='lat' dir='ltr'><strong>nostrae</strong></span> <span class='ocrx_word' id='word_1_30' title='bbox 754 1013 956 1072; x_wconf 74' lang='lat' dir='ltr'>moderationis</span> <span class='ocrx_word' id='word_1_31' title='bbox 970 1013 1082 1090; x_wconf 75' lang='lat' dir='ltr'><strong>probari</strong></span> 
     </span>
     <span class='ocr_line' id='line_1_6' title="bbox 287 1108 1081 1186; baseline 0.005 -22"><span class='ocrx_word' id='word_1_32' title='bbox 287 1108 382 1179; x_wconf 87' lang='lat' dir='ltr'><strong>debet,</strong></span> <span class='ocrx_word' id='word_1_33' title='bbox 397 1108 491 1166; x_wconf 89' lang='lat' dir='ltr'><strong>minor</strong></span> <span class='ocrx_word' id='word_1_34' title='bbox 503 1118 548 1167; x_wconf 87' lang='lat' dir='ltr'><strong>est</strong></span> <span class='ocrx_word' id='word_1_35' title='bbox 560 1109 656 1168; x_wconf 78' lang='lat' dir='ltr'><strong>labor:</strong></span> <span class='ocrx_word' id='word_1_36' title='bbox 678 1109 738 1168; x_wconf 84' lang='lat' dir='ltr'><strong>illie</strong></span> <span class='ocrx_word' id='word_1_37' title='bbox 750 1110 815 1186; x_wconf 88' lang='lat' dir='ltr'><strong>plus</strong></span> <span class='ocrx_word' id='word_1_38' title='bbox 834 1110 1017 1181; x_wconf 73' lang='lat' dir='ltr'><strong>difficultatis,</strong></span> <span class='ocrx_word' id='word_1_39' title='bbox 1031 1109 1081 1168; x_wconf 90' lang='lat' dir='ltr'><strong>ubi</strong></span> 
     </span>
     <span class='ocr_line' id='line_1_7' title="bbox 287 1203 1078 1281; baseline 0.006 -22"><span class='ocrx_word' id='word_1_40' title='bbox 287 1203 374 1278; x_wconf 88' lang='lat' dir='ltr'><strong>ipsos,</strong></span> <span class='ocrx_word' id='word_1_41' title='bbox 394 1215 496 1263; x_wconf 84' lang='lat' dir='ltr'><strong>eontra</strong></span> <span class='ocrx_word' id='word_1_42' title='bbox 521 1225 594 1281; x_wconf 87' lang='lat' dir='ltr'><strong>quos</strong></span> <span class='ocrx_word' id='word_1_43' title='bbox 619 1206 752 1278; x_wconf 79' lang='lat' dir='ltr'><strong>dicimus,</strong></span> <span class='ocrx_word' id='word_1_44' title='bbox 773 1225 901 1264; x_wconf 88' lang='lat' dir='ltr'><strong>veremur</strong></span> <span class='ocrx_word' id='word_1_45' title='bbox 928 1206 1078 1266; x_wconf 84' lang='lat' dir='ltr'><strong>offenders.</strong></span> 
     </span>
     <span class='ocr_line' id='line_1_8' title="bbox 285 1299 1079 1379; baseline 0 -21"><span class='ocrx_word' id='word_1_46' title='bbox 285 1301 333 1358; x_wconf 80' lang='lat'><strong>69.</strong></span> <span class='ocrx_word' id='word_1_47' title='bbox 355 1299 429 1358; x_wconf 83' lang='lat' dir='ltr'><strong>Duae</strong></span> <span class='ocrx_word' id='word_1_48' title='bbox 442 1301 527 1359; x_wconf 89' lang='lat' dir='ltr'><strong>simul</strong></span> <span class='ocrx_word' id='word_1_49' title='bbox 542 1302 704 1379; x_wconf 76' lang='lat' dir='ltr'><strong>hujusmodi</strong></span> <span class='ocrx_word' id='word_1_50' title='bbox 723 1321 851 1378; x_wconf 74' lang='lat' dir='ltr'><strong>personis</strong></span> <span class='ocrx_word' id='word_1_51' title='bbox 872 1302 1008 1360; x_wconf 77' lang='lat' dir='ltr'>Ciceroni</span> <span class='ocrx_word' id='word_1_52' title='bbox 1026 1319 1079 1377; x_wconf 89' lang='lat' dir='ltr'><strong>pro</strong></span> 
     </span>
     <span class='ocr_line' id='line_1_9' title="bbox 286 1394 1079 1473; baseline 0.003 -19"><span class='ocrx_word' id='word_1_53' title='bbox 286 1394 410 1455; x_wconf 81' lang='lat' dir='ltr'><strong>Murena</strong></span> <span class='ocrx_word' id='word_1_54' title='bbox 423 1398 532 1456; x_wconf 78' lang='lat' dir='ltr'><strong>dissuti</strong></span> <span class='ocrx_word' id='word_1_55' title='bbox 545 1399 725 1469; x_wconf 87' lang='lat' dir='ltr'><strong>obstiterunt,</strong></span> <span class='ocrx_word' id='word_1_56' title='bbox 740 1397 781 1454; x_wconf 91' lang='lat' dir='ltr'><strong>M.</strong></span> <span class='ocrx_word' id='word_1_57' title='bbox 796 1398 916 1456; x_wconf 80' lang='lat' dir='ltr'><strong>Catonis</strong></span> <span class='ocrx_word' id='word_1_58' title='bbox 926 1399 1079 1473; x_wconf 76' lang='lat' dir='ltr'>Serviique</span> 
     </span>
     <span class='ocr_line' id='line_1_10' title="bbox 227 1493 1080 1570; baseline 0.001 -19"><span class='ocrx_word' id='word_1_59' title='bbox 227 1557 229 1561; x_wconf 59' lang='grc'>,</span> <span class='ocrx_word' id='word_1_60' title='bbox 286 1494 417 1570; x_wconf 78' lang='lat' dir='ltr'><strong>Sulpicii.</strong></span> <span class='ocrx_word' id='word_1_61' title='bbox 458 1495 557 1556; x_wconf 81' lang='lat' dir='ltr'><strong>Quam</strong></span> <span class='ocrx_word' id='word_1_62' title='bbox 578 1495 713 1550; x_wconf 83' lang='lat' dir='ltr'><strong>decenter</strong></span> <span class='ocrx_word' id='word_1_63' title='bbox 732 1503 828 1550; x_wconf 79' lang='lat' dir='ltr'><strong>tumen</strong></span> <span class='ocrx_word' id='word_1_64' title='bbox 849 1493 989 1567; x_wconf 80' lang='lat' dir='ltr'><strong>Sulpicio,</strong></span> <span class='ocrx_word' id='word_1_65' title='bbox 1010 1513 1080 1552; x_wconf 83' lang='lat' dir='ltr'><strong>eum</strong></span> 
     </span>
     <span class='ocr_line' id='line_1_11' title="bbox 285 1588 1080 1662; baseline 0.003 -16"><span class='ocrx_word' id='word_1_66' title='bbox 285 1607 385 1646; x_wconf 85' lang='lat' dir='ltr'><strong>omnes</strong></span> <span class='ocrx_word' id='word_1_67' title='bbox 398 1589 601 1646; x_wconf 62' lang='lat' dir='ltr'><strong>&gt;concessisset</strong></span> <span class='ocrx_word' id='word_1_68' title='bbox 625 1589 753 1658; x_wconf 82' lang='lat' dir='ltr'><strong>virtutes,</strong></span> <span class='ocrx_word' id='word_1_69' title='bbox 781 1588 930 1646; x_wconf 79' lang='lat' dir='ltr'><strong>seientiam</strong></span> <span class='ocrx_word' id='word_1_70' title='bbox 961 1591 1080 1662; x_wconf 85' lang='lat' dir='ltr'><strong>petendi</strong></span> 
     </span>
     <span class='ocr_line' id='line_1_12' title="bbox 284 1683 1079 1759; baseline 0.005 -20"><span class='ocrx_word' id='word_1_71' title='bbox 284 1684 451 1740; x_wconf 74' lang='lat' dir='ltr'><strong>consulatus</strong></span> <span class='ocrx_word' id='word_1_72' title='bbox 465 1683 591 1741; x_wconf 74' lang='lat' dir='ltr'><strong>ademitt</strong></span> <span class='ocrx_word' id='word_1_73' title='bbox 630 1683 713 1744; x_wconf 77' lang='lat' dir='ltr'><strong>Quid</strong></span> <span class='ocrx_word' id='word_1_74' title='bbox 727 1683 803 1740; x_wconf 89' lang='lat' dir='ltr'><strong>enim</strong></span> <span class='ocrx_word' id='word_1_75' title='bbox 825 1683 902 1740; x_wconf 80' lang='lat' dir='ltr'><strong>eliud</strong></span> <span class='ocrx_word' id='word_1_76' title='bbox 922 1693 1006 1754; x_wconf 81' lang='lat' dir='ltr'><strong>esset,</strong></span> <span class='ocrx_word' id='word_1_77' title='bbox 1019 1703 1079 1759; x_wconf 91' lang='lat' dir='ltr'><strong>quo</strong></span> 
     </span>
     <span class='ocr_line' id='line_1_13' title="bbox 283 1779 1078 1856; baseline 0.006 -21"><span class='ocrx_word' id='word_1_78' title='bbox 283 1797 315 1836; x_wconf 85' lang='lat' dir='ltr'><strong>se</strong></span> <span class='ocrx_word' id='word_1_79' title='bbox 340 1779 448 1836; x_wconf 82' lang='lat' dir='ltr'><strong>vietum</strong></span> <span class='ocrx_word' id='word_1_80' title='bbox 475 1779 561 1836; x_wconf 85' lang='lat' dir='ltr'><strong>humo</strong></span> <span class='ocrx_word' id='word_1_81' title='bbox 580 1781 685 1838; x_wconf 85' lang='lat' dir='ltr'><strong>nobilis</strong></span> <span class='ocrx_word' id='word_1_82' title='bbox 705 1789 734 1838; x_wconf 86' lang='lat' dir='ltr'><strong>et</strong></span> <span class='ocrx_word' id='word_1_83' title='bbox 756 1779 829 1854; x_wconf 81' lang='lat' dir='ltr'><strong>juris</strong></span> <span class='ocrx_word' id='word_1_84' title='bbox 849 1780 966 1838; x_wconf 77' lang='lat' dir='ltr'><strong>antistes</strong></span> <span class='ocrx_word' id='word_1_85' title='bbox 985 1781 1078 1856; x_wconf 77' lang='lat' dir='ltr'><strong>magis</strong></span> 
     </span>
     <span class='ocr_line' id='line_1_14' title="bbox 283 1875 1076 1935; baseline 0.001 -2"><span class='ocrx_word' id='word_1_86' title='bbox 283 1875 391 1934; x_wconf 77' lang='lat' dir='ltr'><strong>ferreti</strong></span> <span class='ocrx_word' id='word_1_87' title='bbox 430 1875 470 1934; x_wconf 92' lang='lat' dir='ltr'><strong>Ut</strong></span> <span class='ocrx_word' id='word_1_88' title='bbox 483 1895 551 1934; x_wconf 87' lang='lat' dir='ltr'><strong>vero</strong></span> <span class='ocrx_word' id='word_1_89' title='bbox 564 1877 705 1935; x_wconf 79' lang='lat' dir='ltr'><strong>rationem</strong></span> <span class='ocrx_word' id='word_1_90' title='bbox 718 1877 892 1934; x_wconf 84' lang='lat' dir='ltr'><strong>defensionis</strong></span> <span class='ocrx_word' id='word_1_91' title='bbox 906 1896 964 1934; x_wconf 81' lang='lat' dir='ltr'><strong>suae</strong></span> <span class='ocrx_word' id='word_1_92' title='bbox 984 1876 1076 1934; x_wconf 89' lang='lat' dir='ltr'><strong>reddi·</strong></span> 
     </span>
     <span class='ocr_line' id='line_1_15' title="bbox 281 1971 1078 2049; baseline 0.005 -21"><span class='ocrx_word' id='word_1_93' title='bbox 281 1971 333 2039; x_wconf 83' lang='lat' dir='ltr'><strong>dit,</strong></span> <span class='ocrx_word' id='word_1_94' title='bbox 354 1991 420 2030; x_wconf 82' lang='lat' dir='ltr'><strong>eum</strong></span> <span class='ocrx_word' id='word_1_95' title='bbox 447 1991 479 2030; x_wconf 88' lang='lat' dir='ltr'><strong>se</strong></span> <span class='ocrx_word' id='word_1_96' title='bbox 502 1974 645 2032; x_wconf 81' lang='lat' dir='ltr'><strong>studuisse</strong></span> <span class='ocrx_word' id='word_1_97' title='bbox 669 1973 802 2049; x_wconf 86' lang='lat' dir='ltr'><strong>petitioni</strong></span> <span class='ocrx_word' id='word_1_98' title='bbox 829 1973 951 2048; x_wconf 78' lang='lat' dir='ltr'><strong>Sulpicii</strong></span> <span class='ocrx_word' id='word_1_99' title='bbox 977 1983 1078 2032; x_wconf 77' lang='lat' dir='ltr'><strong>uentre</strong></span> 
     </span>
     <span class='ocr_line' id='line_1_16' title="bbox 282 2071 1077 2146; baseline 0.003 -18"><span class='ocrx_word' id='word_1_100' title='bbox 282 2071 418 2130; x_wconf 87' lang='lat' dir='ltr'><strong>honorem</strong></span> <span class='ocrx_word' id='word_1_101' title='bbox 433 2071 573 2146; x_wconf 65' lang='lat' dir='ltr'><strong>Murem,</strong></span> <span class='ocrx_word' id='word_1_102' title='bbox 588 2075 737 2132; x_wconf 80' lang='lat' dir='ltr'><strong>nunidem</strong></span> <span class='ocrx_word' id='word_1_103' title='bbox 757 2074 861 2130; x_wconf 87' lang='lat' dir='ltr'><strong>debere</strong></span> <span class='ocrx_word' id='word_1_104' title='bbox 882 2072 988 2130; x_wconf 76' lang='lat' dir='ltr'><strong>astioni</strong></span> <span class='ocrx_word' id='word_1_105' title='bbox 1009 2091 1077 2130; x_wconf 82' lang='lat' dir='ltr'><strong>eon·</strong></span> 
     </span>
     <span class='ocr_line' id='line_1_17' title="bbox 280 2168 1076 2246; baseline 0.001 -21"><span class='ocrx_word' id='word_1_106' title='bbox 280 2178 325 2226; x_wconf 83' lang='lat' dir='ltr'><strong>tra</strong></span> <span class='ocrx_word' id='word_1_107' title='bbox 338 2182 434 2246; x_wconf 77' lang='lat' dir='ltr'><strong>eaput,</strong></span> <span class='ocrx_word' id='word_1_108' title='bbox 448 2171 577 2228; x_wconf 70' lang='lat' dir='ltr'><strong>diceret?</strong></span> <span class='ocrx_word' id='word_1_109' title='bbox 617 2171 663 2228; x_wconf 83' lang='lat'><strong>70.</strong></span> <span class='ocrx_word' id='word_1_110' title='bbox 684 2171 783 2232; x_wconf 77' lang='lat' dir='ltr'><strong>Quam</strong></span> <span class='ocrx_word' id='word_1_111' title='bbox 796 2169 876 2227; x_wconf 88' lang='lat' dir='ltr'><strong>molli</strong></span> <span class='ocrx_word' id='word_1_112' title='bbox 897 2179 990 2228; x_wconf 80' lang='lat' dir='ltr'><strong>sutem</strong></span> <span class='ocrx_word' id='word_1_113' title='bbox 1012 2168 1076 2226; x_wconf 87' lang='lat' dir='ltr'><strong>srti·</strong></span> 
     </span>
     <span class='ocr_line' id='line_1_18' title="bbox 280 2265 1076 2341; baseline 0.005 -21"><span class='ocrx_word' id='word_1_114' title='bbox 280 2265 347 2321; x_wconf 84' lang='lat' dir='ltr'><strong>eulo</strong></span> <span class='ocrx_word' id='word_1_115' title='bbox 373 2267 506 2323; x_wconf 81' lang='lat' dir='ltr'><strong>tractavit</strong></span> <span class='ocrx_word' id='word_1_116' title='bbox 525 2267 686 2324; x_wconf 63' lang='lat' dir='ltr'><strong>Catonem?</strong></span> <span class='ocrx_word' id='word_1_117' title='bbox 713 2265 795 2341; x_wconf 79' lang='lat' dir='ltr'><strong>eujus</strong></span> <span class='ocrx_word' id='word_1_118' title='bbox 815 2275 946 2322; x_wconf 82' lang='lat' dir='ltr'><strong>naturam</strong></span> <span class='ocrx_word' id='word_1_119' title='bbox 965 2281 1076 2324; x_wconf 80' lang='lat' dir='ltr'><strong>summe</strong></span> 
     </span>
     <span class='ocr_line' id='line_1_19' title="bbox 281 2360 1073 2435; baseline 0.003 -19"><span class='ocrx_word' id='word_1_120' title='bbox 281 2360 444 2432; x_wconf 73' lang='lat' dir='ltr'><strong>admiratus,</strong></span> <span class='ocrx_word' id='word_1_121' title='bbox 471 2379 530 2417; x_wconf 87' lang='lat' dir='ltr'><strong>non</strong></span> <span class='ocrx_word' id='word_1_122' title='bbox 556 2362 646 2435; x_wconf 85' lang='lat' dir='ltr'><strong>ipsius</strong></span> <span class='ocrx_word' id='word_1_123' title='bbox 672 2361 750 2431; x_wconf 87' lang='lat' dir='ltr'><strong>vitio,</strong></span> <span class='ocrx_word' id='word_1_124' title='bbox 771 2360 822 2416; x_wconf 83' lang='lat' dir='ltr'><strong>sed</strong></span> <span class='ocrx_word' id='word_1_125' title='bbox 848 2361 953 2418; x_wconf 80' lang='lat' dir='ltr'><strong>Stoieae</strong></span> <span class='ocrx_word' id='word_1_126' title='bbox 979 2372 1073 2432; x_wconf 76' lang='lat' dir='ltr'><strong>seete,</strong></span> 
     </span>
     <span class='ocr_line' id='line_1_20' title="bbox 280 2454 1076 2528; baseline 0.005 -18"><span class='ocrx_word' id='word_1_127' title='bbox 280 2454 449 2528; x_wconf 84' lang='lat' dir='ltr'><strong>quibusdam</strong></span> <span class='ocrx_word' id='word_1_128' title='bbox 463 2455 494 2511; x_wconf 89' lang='lat' dir='ltr'><strong>in</strong></span> <span class='ocrx_word' id='word_1_129' title='bbox 508 2457 594 2512; x_wconf 86' lang='lat' dir='ltr'><strong>rebus</strong></span> <span class='ocrx_word' id='word_1_130' title='bbox 615 2455 719 2512; x_wconf 78' lang='lat' dir='ltr'><strong>fastam</strong></span> <span class='ocrx_word' id='word_1_131' title='bbox 740 2455 883 2514; x_wconf 88' lang='lat' dir='ltr'><strong>duriorem</strong></span> <span class='ocrx_word' id='word_1_132' title='bbox 897 2457 987 2514; x_wconf 85' lang='lat' dir='ltr'><strong>videri</strong></span> <span class='ocrx_word' id='word_1_133' title='bbox 1000 2457 1076 2514; x_wconf 85' lang='lat' dir='ltr'><strong>vole-</strong></span> 
     </span>
     <span class='ocr_line' id='line_1_21' title="bbox 279 2549 1073 2625; baseline 0.006 -19"><span class='ocrx_word' id='word_1_134' title='bbox 279 2550 345 2606; x_wconf 81' lang='lat' dir='ltr'><strong>bat:</strong></span> <span class='ocrx_word' id='word_1_135' title='bbox 371 2559 404 2606; x_wconf 91' lang='lat' dir='ltr'><strong>ut</strong></span> <span class='ocrx_word' id='word_1_136' title='bbox 429 2550 574 2607; x_wconf 84' lang='lat' dir='ltr'><strong>intereos</strong></span> <span class='ocrx_word' id='word_1_137' title='bbox 597 2568 657 2607; x_wconf 85' lang='lat' dir='ltr'><strong>non</strong></span> <span class='ocrx_word' id='word_1_138' title='bbox 684 2549 824 2608; x_wconf 88' lang='lat' dir='ltr'><strong>forensem</strong></span> <span class='ocrx_word' id='word_1_139' title='bbox 851 2549 1073 2625; x_wconf 72' lang='lat' dir='ltr'><strong>cententiouem,</strong></span> 
     </span>
     <span class='ocr_line' id='line_1_22' title="bbox 279 2645 1072 2722; baseline 0.004 -19"><span class='ocrx_word' id='word_1_140' title='bbox 279 2645 330 2703; x_wconf 86' lang='lat' dir='ltr'><strong>sed</strong></span> <span class='ocrx_word' id='word_1_141' title='bbox 356 2645 512 2704; x_wconf 85' lang='lat' dir='ltr'><strong>studiosam</strong></span> <span class='ocrx_word' id='word_1_142' title='bbox 538 2646 757 2722; x_wconf 82' lang='lat' dir='ltr'><strong>disputationem</strong></span> <span class='ocrx_word' id='word_1_143' title='bbox 778 2648 908 2706; x_wconf 80' lang='lat' dir='ltr'><strong>crederes</strong></span> <span class='ocrx_word' id='word_1_144' title='bbox 929 2649 1072 2708; x_wconf 75' lang='lat' dir='ltr'><strong>incidisse.</strong></span> 
     </span>
     <span class='ocr_line' id='line_1_23' title="bbox 278 2741 1074 2819; baseline 0.003 -19"><span class='ocrx_word' id='word_1_145' title='bbox 278 2744 326 2801; x_wconf 81' lang='lat'><strong>¹71.</strong></span> <span class='ocrx_word' id='word_1_146' title='bbox 366 2741 439 2800; x_wconf 80' lang='lat' dir='ltr'><strong>Haeo</strong></span> <span class='ocrx_word' id='word_1_147' title='bbox 471 2752 515 2800; x_wconf 85' lang='lat' dir='ltr'><strong>est</strong></span> <span class='ocrx_word' id='word_1_148' title='bbox 546 2743 675 2819; x_wconf 79' lang='lat' dir='ltr'><strong>profecto</strong></span> <span class='ocrx_word' id='word_1_149' title='bbox 707 2743 780 2799; x_wconf 87' lang='lat' dir='ltr'><strong>ratio</strong></span> <span class='ocrx_word' id='word_1_150' title='bbox 812 2753 850 2816; x_wconf 90' lang='lat' dir='ltr'><strong>et,</strong></span> <span class='ocrx_word' id='word_1_151' title='bbox 884 2745 1074 2802; x_wconf 81' lang='lat' dir='ltr'><strong>certissimum</strong></span> 
     </span>
     <span class='ocr_line' id='line_1_24' title="bbox 277 2841 1074 2919; baseline 0.004 -20"><span class='ocrx_word' id='word_1_152' title='bbox 277 2852 484 2917; x_wconf 68' lang='lat' dir='ltr'><strong>preceptorum</strong></span> <span class='ocrx_word' id='word_1_153' title='bbox 498 2860 598 2919; x_wconf 84' lang='lat' dir='ltr'><strong>genus,</strong></span> <span class='ocrx_word' id='word_1_154' title='bbox 613 2841 689 2900; x_wconf 82' lang='lat' dir='ltr'><strong>iilius</strong></span> <span class='ocrx_word' id='word_1_155' title='bbox 703 2841 755 2899; x_wconf 85' lang='lat' dir='ltr'><strong>viri</strong></span> <span class='ocrx_word' id='word_1_156' title='bbox 768 2843 936 2910; x_wconf 77' lang='lat' dir='ltr'><strong>observatio,</strong></span> <span class='ocrx_word' id='word_1_157' title='bbox 951 2854 991 2916; x_wconf 87' lang='lat' dir='ltr'><strong>ut,</strong></span> <span class='ocrx_word' id='word_1_158' title='bbox 1006 2863 1074 2902; x_wconf 84' lang='lat' dir='ltr'><strong>cum</strong></span> 
     </span>
     <span class='ocr_line' id='line_1_25' title="bbox 280 2935 1074 3016; baseline 0.008 -22"><span class='ocrx_word' id='word_1_159' title='bbox 280 2935 385 3012; x_wconf 75' lang='lat' dir='ltr'><strong>aliquid</strong></span> <span class='ocrx_word' id='word_1_160' title='bbox 399 2939 548 2996; x_wconf 83' lang='lat' dir='ltr'><strong>detrahere</strong></span> <span class='ocrx_word' id='word_1_161' title='bbox 561 2940 639 2996; x_wconf 79' lang='lat' dir='ltr'><strong>salvs</strong></span> <span class='ocrx_word' id='word_1_162' title='bbox 651 2939 743 3016; x_wconf 84' lang='lat' dir='ltr'><strong>grstia</strong></span> <span class='ocrx_word' id='word_1_163' title='bbox 761 2939 840 3011; x_wconf 83' lang='lat' dir='ltr'><strong>velis,</strong></span> <span class='ocrx_word' id='word_1_164' title='bbox 855 2941 997 2998; x_wconf 82' lang='lat' dir='ltr'><strong>eorreedas</strong></span> <span class='ocrx_word' id='word_1_165' title='bbox 1017 2941 1074 3000; x_wconf 81' lang='lat' dir='ltr'><strong>ulis</strong></span> 
     </span>
     <span class='ocr_line' id='line_1_26' title="bbox 278 3033 1073 3114; baseline 0.008 -24"><span class='ocrx_word' id='word_1_166' title='bbox 278 3033 394 3091; x_wconf 82' lang='lat' dir='ltr'><strong>omnis:</strong></span> <span class='ocrx_word' id='word_1_167' title='bbox 414 3035 445 3093; x_wconf 91' lang='lat' dir='ltr'><strong>in</strong></span> <span class='ocrx_word' id='word_1_168' title='bbox 459 3036 515 3093; x_wconf 85' lang='lat' dir='ltr'><strong>hoe</strong></span> <span class='ocrx_word' id='word_1_169' title='bbox 528 3037 591 3094; x_wconf 85' lang='lat' dir='ltr'><strong>solo</strong></span> <span class='ocrx_word' id='word_1_170' title='bbox 609 3037 654 3094; x_wconf 86' lang='lat' dir='ltr'><strong>vel</strong></span> <span class='ocrx_word' id='word_1_171' title='bbox 675 3036 769 3094; x_wconf 85' lang='lat' dir='ltr'><strong>minus</strong></span> <span class='ocrx_word' id='word_1_172' title='bbox 788 3037 921 3113; x_wconf 87' lang='lat' dir='ltr'><strong>peritum,</strong></span> <span class='ocrx_word' id='word_1_173' title='bbox 936 3057 1020 3114; x_wconf 87' lang='lat' dir='ltr'><strong>qusrn</strong></span> <span class='ocrx_word' id='word_1_174' title='bbox 1041 3037 1073 3096; x_wconf 84' lang='lat' dir='ltr'><strong>iu</strong></span> 
     </span>
     <span class='ocr_line' id='line_1_27' title="bbox 279 3130 1072 3208; baseline 0.006 -21"><span class='ocrx_word' id='word_1_175' title='bbox 279 3130 392 3202; x_wconf 78' lang='lat' dir='ltr'><strong>ueteris,</strong></span> <span class='ocrx_word' id='word_1_176' title='bbox 408 3131 527 3208; x_wconf 74' lang='lat' dir='ltr'><strong>adjecta,</strong></span> <span class='ocrx_word' id='word_1_177' title='bbox 542 3133 567 3190; x_wconf 89' lang='lat' dir='ltr'><strong>si</strong></span> <span class='ocrx_word' id='word_1_178' title='bbox 586 3133 691 3208; x_wconf 87' lang='lat' dir='ltr'><strong>poterit</strong></span> <span class='ocrx_word' id='word_1_179' title='bbox 710 3133 781 3206; x_wconf 84' lang='lat' dir='ltr'><strong>fieri,</strong></span> <span class='ocrx_word' id='word_1_180' title='bbox 795 3134 881 3192; x_wconf 84' lang='lat' dir='ltr'><strong>etium</strong></span> <span class='ocrx_word' id='word_1_181' title='bbox 901 3153 998 3207; x_wconf 77' lang='lat' dir='ltr'><strong>eausa,</strong></span> <span class='ocrx_word' id='word_1_182' title='bbox 1019 3153 1072 3192; x_wconf 85' lang='lat' dir='ltr'><strong>eur</strong></span> 
     </span>
     <span class='ocr_line' id='line_1_28' title="bbox 279 3225 1070 3306; baseline 0.006 -21"><span class='ocrx_word' id='word_1_183' title='bbox 279 3225 310 3285; x_wconf 91' lang='lat' dir='ltr'><strong>id</strong></span> <span class='ocrx_word' id='word_1_184' title='bbox 323 3226 363 3286; x_wconf 79' lang='lat' dir='ltr'><strong>its</strong></span> <span class='ocrx_word' id='word_1_185' title='bbox 375 3225 479 3300; x_wconf 63' lang='lat' dir='ltr'><strong>situel</strong></span> <span class='ocrx_word' id='word_1_186' title='bbox 488 3289 491 3293; x_wconf 10' lang='grc' dir='ltr'><strong><em>ἵ</em></strong></span> <span class='ocrx_word' id='word_1_187' title='bbox 499 3229 833 3306; x_wconf 74' lang='lat' dir='ltr'><strong>paulepertinaeiorem,</strong></span> <span class='ocrx_word' id='word_1_188' title='bbox 846 3230 891 3290; x_wconf 86' lang='lat' dir='ltr'><strong>vel</strong></span> <span class='ocrx_word' id='word_1_189' title='bbox 904 3229 1070 3305; x_wconf 79' lang='lat' dir='ltr'><strong>&#39;credulum,</strong></span> 
     </span>
    </p>
   </div>
   <div class='ocr_carea' id='block_1_3' title="bbox 0 0 1342 4009">
    <p class='ocr_par' dir='ltr' id='par_1_4' title="bbox 0 0 1342 4009">
     <span class='ocr_line' id='line_1_29' title="bbox 0 0 1342 4009; baseline 0 5"><span class='ocrx_word' id='word_1_190' title='bbox 0 0 1342 4009; x_wconf 95' lang='lat' dir='ltr'><strong> </strong></span> 
     </span>
    </p>
   </div>
  </div>
 </body>
</html>
