2675 4009
272 583 314 646 ⁷8
496 593 532 641 ιι.
551 593 622 640 mn·
640 593 844 650 uumrrmmu

275 713 358 816 derit,
378 754 409 802 et
433 743 557 803 decebit
597 743 651 802 Est
679 755 783 816 summ,
811 741 887 819 quod
914 761 1017 803 omnes
1041 753 1071 802 et

274 859 386 917 semper
399 851 429 901 et
442 841 547 916 ubique
560 841 672 908 decent,
679 840 783 917 fucere
797 861 832 898 uc
842 841 933 900 dicere
943 841 1070 900 lunesto:

277 948 433 1012 contraque
445 937 589 996 neminem
603 956 730 1012 unquam
744 937 804 997 ullo
815 937 844 996 in
854 937 929 1008 loco,
938 938 1070 1014 turpiter.

277 1032 395 1092 Minora
407 1051 484 1105 vero,
498 1051 618 1109 queque
637 1044 705 1092 sunt
725 1053 761 1092 ex
780 1034 892 1105 mediis,
906 1034 1072 1112 plerumque

277 1139 344 1188 sunt
369 1129 446 1201 talia,
467 1139 498 1189 ut
525 1130 589 1190 eliis
607 1131 665 1189 sint
685 1130 903 1198 contemnende,
926 1129 988 1189 eliis
1013 1147 1071 1192 non

278 1225 344 1295 sict,
366 1236 416 1284 uut
428 1243 485 1303 pro
499 1245 633 1302 persona,
648 1235 778 1302 tempore,
793 1227 861 1298 loco,
875 1243 963 1284 causa
982 1225 1072 1302 magis

279 1340 314 1380 uo
326 1322 422 1380 minus
440 1323 484 1380 vel
505 1334 641 1382 excusatu
660 1323 783 1380 debeant
803 1322 902 1393 videri,
917 1322 961 1379 vel
982 1339 1073 1397 repre·

279 1417 437 1478 hendende.
481 1422 525 1479 15.
547 1421 623 1479 (lum
648 1419 779 1476 dicemus
806 1429 901 1474 autern
927 1417 963 1475 de
990 1419 1073 1476 rebus

279 1526 328 1575 uut
342 1516 450 1586 olienis,
465 1526 514 1573 sut
526 1517 640 1586 nostris,
654 1514 807 1572 dividenda
820 1513 894 1570 ratio
907 1523 950 1570 est
964 1531 1073 1585 eorum,

278 1611 347 1668 dum
360 1612 485 1668 sciemus
497 1611 632 1684 pleraque
645 1619 748 1667 neutro
761 1610 826 1666 loco
839 1609 1000 1666 convenire.

317 1705 462 1781 Imprimis
476 1706 563 1782 igitur
583 1705 677 1762 omnis
697 1705 743 1762 sui
764 1705 865 1762 vitiosa
882 1705 1001 1781 jactatio
1020 1716 1073 1777 est,

279 1801 449 1876 eloquentius
462 1812 558 1860 tumen
574 1802 603 1860 in
623 1812 736 1860 oratore
754 1801 915 1879 precipue3
938 1803 1074 1878 uffertque

281 1898 462 1956 audientibus
481 1917 540 1956 non
560 1899 706 1958 festidium
727 1899 822 1971 modo,
838 1899 888 1957 sed
906 1899 1074 1976 plerumque

280 1995 366 2053 etium
379 1995 486 2054 odium.
529 1997 574 2054 lo.
596 1995 693 2054 Habet
711 1996 789 2054 enim
811 2015 891 2054 mens
911 2007 1008 2054 nostru
1028 2015 1075 2053 nu·

280 2101 346 2150 turs
366 2093 488 2152 sublime
514 2093 649 2168 quiddam
667 2104 698 2150 et
717 2103 854 2164 erectum,
876 2103 905 2151 et
925 2092 1075 2168 impatiens

281 2189 443 2265 superioris.
484 2189 613 2265 Ideoque
632 2191 770 2266 abjectos,
792 2199 840 2247 sut
867 2189 1075 2246 summittentes

281 2303 321 2356 se,
335 2286 456 2345 libenter
477 2286 640 2356 allevemus,
661 2286 806 2361 quiahoc
826 2285 920 2342 lucere
940 2295 1075 2359 tunquam

280 2381 402 2455 majores
415 2381 564 2438 videmur:
585 2391 624 2451 et,
639 2381 751 2454 quoties
770 2379 903 2436 discessit
922 2379 1074 2452 emulatio,

281 2476 411 2533 succedit
436 2475 606 2534 humanitus.
647 2476 688 2532 At
715 2475 764 2550 qui
791 2493 822 2533 se
848 2493 934 2550 suprs
958 2469 1076 2533 modum

281 2571 399 2642 extollit,
409 2589 538 2646 premere
552 2590 587 2630 uc
599 2570 748 2646 despicere
760 2571 896 2643 creditur,
905 2589 961 2630 nuc
973 2581 1030 2630 tem
1045 2591 1077 2630 se

281 2668 426 2744 majorem,
435 2685 519 2743 quein
533 2668 660 2726 minores
672 2678 784 2726 eeteros
799 2669 901 2727 lucere.
945 2669 989 2728 17.
1004 2667 1076 2728 Inde

282 2764 410 2823 invident
428 2764 595 2822 humiliores
608 2764 689 2841 (num
709 2764 765 2822 hoc
784 2764 885 2822 vitium
905 2776 948 2824 est
967 2783 1075 2837 eorum,

283 2859 400 2934 quince
420 2861 524 2918 cedere
542 2861 650 2932 volunt,
665 2879 720 2918 neo
739 2871 859 2936 possunt
879 2861 1076 2940 contendere),

282 2954 377 3013 rident
401 2957 571 3031 superiores,
599 2957 762 3032 improbent
788 2957 864 3015 boni.
905 2957 1077 3032 Plerumque

282 3069 350 3109 vero
369 3051 564 3128 deprehendas
591 3053 784 3131 moguntium
805 3054 904 3112 fulsum
924 3054 961 3112 de
974 3072 1005 3114 se
1019 3053 1079 3130 opi·

283 3147 417 3206 cionem:
437 3149 487 3207 sed
508 3149 539 3207 in
559 3149 633 3207 seris
646 3149 878 3225 quoquesufficit
892 3150 1076 3208 conscientie

323 3243 528 3320 Reprehensos
541 3255 584 3304 est
597 3245 629 3305 in
642 3246 698 3304 huc
716 3257 797 3323 purte
816 3263 875 3304 nou
896 3246 1079 3305 mediocriter

284 3340 402 3412 Cicero,
410 3359 574 3420 qumquem
584 3343 610 3404 is
620 3343 738 3421 quidem
751 3361 847 3405 tuum
862 3363 877 3404 ι
891 3362 924 3403 ss
935 3355 1080 3424 gesturum
