2675 4009
447 619 532 668 ms'r.
552 619 693 667 onauoa.
716 617 778 666 mn.
801 615 832 664 x.
852 619 873 663 r.
1022 609 1058 666 15

259 761 348 843 5831.
376 769 507 830 Historia
521 789 635 847 quoque
656 770 732 828 alere
752 768 912 826 orationem
933 765 1057 842 quodam

262 867 343 926 uberi
360 867 547 944 jucundoque
566 886 656 926 suooo
675 877 776 944 potest.
818 866 927 924 Verum
948 873 976 921 et
996 863 1058 940 ipsa

261 963 305 1021 sio
317 976 360 1022 est
374 965 505 1043 legenda,
517 976 549 1022 ut
561 965 697 1036 sciamus,
706 964 855 1040 plerasque
866 962 928 1038 ejus
938 960 1057 1018 virtutes

260 1063 367 1120 oratori
380 1081 443 1120 esse
457 1062 593 1119 vitandas,
634 1061 688 1118 Est
702 1061 779 1118 enim
798 1059 930 1136 proxima
949 1057 1056 1134 potitis,

261 1168 291 1215 et
303 1157 514 1233 quodammodo
534 1177 650 1214 oarmen
668 1158 810 1237 soluturp:
832 1166 861 1214 et
872 1155 1006 1213 scribitur
1022 1152 1057 1210 ad

261 1257 445 1327 narrandum,
463 1273 522 1314 non
544 1256 578 1314 sd
598 1255 795 1331 probandum:
817 1257 965 1329 totumque
985 1270 1058 1329 opus

260 1371 320 1409 non
341 1353 377 1410 ad
391 1363 487 1410 uotum
499 1352 552 1424 rei,
566 1369 749 1429 pugnamque
762 1361 941 1426 presentem,
956 1349 1005 1407 sed
1022 1348 1058 1406 ad

260 1450 427 1507 memoriam
440 1449 623 1526 posteritatis,
638 1459 667 1506 et
688 1447 797 1524 ingenii
820 1446 924 1503 sarnam
945 1463 1059 1520 compo-

259 1547 353 1604 nitur:
375 1547 497 1622 ideoque
517 1555 546 1604 et
566 1546 660 1603 verbis
680 1543 893 1614 remotioribus,
915 1551 944 1599 et
963 1540 1059 1598 liberi·

259 1643 358 1702 oribus
381 1643 480 1720 figuris
499 1642 632 1700 narrandi
657 1641 774 1698 tedium
798 1639 893 1697 evitat.
934 1638 981 1696 32.
1002 1637 1059 1695 Ita·

259 1759 324 1815 que,
352 1750 384 1797 ut
410 1739 479 1811 diri,
506 1757 601 1814 neque
633 1738 683 1795 illa
708 1736 891 1794 Sallustiana
924 1735 1057 1806 brevitas,

259 1853 315 1911 qua
347 1836 418 1894 nibil
453 1836 529 1912 apud
563 1823 646 1893 aures
679 1853 784 1891 vacuas
812 1843 896 1908 atque
931 1832 1057 1890 eruditas

257 1945 352 2012 potest
384 1954 446 1993 esse
477 1934 643 2012 perfectius,
672 1933 746 2010 apud
773 1943 945 2009 occupatum
971 1930 1058 1989 variis

259 2031 483 2107 cogitationibus
514 2031 652 2107 judicem,
680 2041 709 2088 et
736 2030 839 2106 srepius
871 2029 1056 2098 ineruditum,

259 2127 401 2204 captanda
414 2126 498 2182 nobis
512 2136 572 2182 est:
593 2144 688 2199 neque
703 2125 752 2181 illa
765 2124 848 2181 Livii
867 2125 959 2180 lacteo
978 2123 1058 2180 aber·

259 2231 305 2280 tas
320 2221 389 2279 satis
402 2220 521 2278 dooebit
535 2239 612 2291 eum,
627 2220 677 2294 qui
697 2237 756 2276 non
777 2217 902 2294 speeiem
923 2217 1058 2293 expositi·
1091 2265 1094 2270 .

258 2319 332 2391 onis,
360 2318 410 2378 sed
437 2318 524 2378 fidem
550 2316 659 2394 quaerit.
709 2317 756 2376 33.
785 2314 880 2390 Adde,
909 2314 983 2390 quod
1012 2313 1055 2370 M.
1074 2335 1095 2380 η

257 2417 374 2475 Tullius
399 2435 437 2475 ne
454 2415 657 2492 Thucydidem
678 2415 793 2491 quidem
816 2424 864 2472 aut
884 2411 1059 2491 Xenophon·

256 2525 314 2573 tem
330 2515 412 2572 utiles
426 2514 530 2572 oratori
550 2523 640 2589 putat,
655 2531 816 2588 quanquam
838 2512 919 2570 illum
933 2512 1058 2570 bellicam

257 2631 365 2682 cauae,
387 2610 471 2687 hujus
490 2630 537 2668 ore
557 2609 659 2666 Musas
686 2627 742 2666 esse
769 2610 876 2666 locutas
905 2608 1055 2666 existimet.

257 2709 341 2768 Lioet
354 2720 450 2767 tamen
471 2708 555 2765 nobis
575 2708 605 2764 in
626 2706 851 2783 digressionibus
872 2706 914 2762 uti
935 2706 976 2763 vel
998 2705 1055 2762 his-

257 2806 350 2863 torioo
364 2823 570 2880 nonnunquam
585 2803 688 2874 nitore,
704 2802 772 2860 dum
787 2801 816 2858 in
831 2801 885 2872 bis,
902 2801 1055 2876 dequibus

258 2903 312 2959 erit
325 2902 454 2978 quaestio,
469 2899 684 2958 meminerimus
704 2917 763 2955 non
785 2897 953 2954 athletarum
975 2897 1054 2969 toris,

257 2998 308 3055 sed
328 2999 450 3056 militurn
477 2997 591 3055 lacertis
616 3014 689 3072 opus
715 3013 793 3052 esse:
822 3013 877 3051 neo
903 2995 1055 3053 versicolo-

256 3113 318 3151 rem
342 3094 429 3166 illam,
451 3114 507 3170 qua
527 3092 694 3151 Demetrius
721 3091 877 3149 Phalereus
904 3090 1055 3150 dicebatur

256 3190 308 3261 uti,
330 3200 436 3247 vestem
458 3189 588 3247 ueneat
616 3189 757 3246 forensem
780 3187 929 3263 pulverem
951 3187 1054 3244 fraere.

255 3287 303 3345 34.
331 3285 384 3344 Est
404 3296 433 3343 et
454 3287 526 3343 alius
544 3305 581 3343 ex
600 3285 727 3345 historiis
745 3303 825 3355 usus,
846 3293 874 3342 et
894 3283 919 3340 is
939 3282 1053 3357 quidem

255 3384 406 3458 maximus,
440 3383 491 3442 sed
529 3401 589 3442 non
628 3381 665 3441 nd
703 3391 873 3459 presentem
908 3377 1054 3454 pertinens

1085 2277 1095 2338 fi
1109 2290 1112 2324 t

1103 2327 1115 2354 d

1122 2329 1128 2336 ,
