2675 4009
285 554 290 619 ἓ
321 656 325 664 ,
448 605 816 658 marvanorum
837 613 856 657 ι.
1007 599 1050 660 91-

256 756 386 816 credidit.
427 758 614 818 admirabilis
626 759 656 817 in
677 779 730 818 suo
750 777 855 837 genere
873 758 1046 831 runcatur,

257 844 307 912 sed
317 873 398 912 musa
407 855 457 913 illa
466 856 573 912 rustica
582 867 611 913 et
620 856 769 931 pastoralis
779 873 836 914 non
848 855 939 912 sorum
952 855 1046 927 modo,

258 967 354 1008 rerum
365 951 455 1027 ipsam
463 952 550 1010 etiam
558 953 658 1008 urbem
669 952 841 1010 reformidat.
875 953 922 1009 56.
937 951 1048 1010 Audire

133 1085 135 1092 ·
256 1045 353 1104 videor
367 1047 495 1121 undique
513 1059 704 1124 congerentes
724 1049 841 1106 nomina
859 1047 1047 1124 plurimorum

255 1147 414 1217 poetaram.
465 1142 570 1204 Quidt
617 1143 753 1209 Herculis
787 1155 850 1202 acta
883 1163 940 1202 non
974 1145 1048 1202 bene

255 1238 440 1296 Pisandros?
479 1237 581 1300 Quidr
621 1239 801 1297 Nicandrum
827 1239 930 1298 frustra
955 1239 1047 1300 secuti

142 1347 149 1355 '
255 1334 358 1392 Macer
384 1345 469 1410 atque
494 1335 657 1410 Virgilius?
698 1334 799 1396 Quidr
840 1333 1053 1411 Euphorionem·

256 1430 458 1489 transibimusl
482 1450 567 1507 quem
580 1431 636 1488 nisi
648 1431 796 1507 probasset
809 1431 957 1508 Virgilius,
971 1433 1052 1490 idem·

255 1545 401 1602 nunquam
415 1539 494 1587 certe
506 1528 688 1586 conditorum
702 1527 872 1586 Chalcidico
885 1545 967 1586 versu
987 1547 1052 1586 car·¹

256 1624 366 1682 minum
379 1625 494 1684 sacmeel
507 1625 538 1682 in
551 1625 700 1682 Bucolicis
720 1624 902 1683 mentionem.
942 1623 1044 1687 Quidt

257 1719 395 1779 Horatius
420 1722 525 1780 fiusua
556 1722 703 1798 Τγίωιινη
729 1720 858 1780 Homero
881 1722 1046 1800 subjungitl

255 1816 302 1874 57.
322 1815 388 1880 Nec
401 1836 471 1876 sane
483 1817 632 1892 quisquam
652 1827 696 1876 est
715 1827 773 1876 tam
792 1817 892 1894 procul
914 1837 930 1875 a
949 1817 1046 1896 cogni·

256 1912 334 1970 tione
353 1931 455 1970 emam
472 1924 609 1985 remotus,
630 1924 662 1971 ut
682 1931 740 1970 non
762 1914 887 1971 indicem
907 1924 986 1972 certe
1012 1931 1047 1972 ex

238 2008 431 2066 ‘bibliotheca
460 2020 585 2066 sumtum
618 2011 770 2068 transferre
804 2011 833 2068 in
866 2010 954 2068 libros
980 2027 1046 2068 suos

256 2104 353 2180 possit
407 2103 473 2162 Nec
499 2105 601 2181 ignoro
620 2106 714 2182 igitur
746 2125 817 2180 quos
844 2117 966 2176 transeo,
993 2123 1047 2162 nec

145 2243 148 2246 >
257 2200 357 2275 utique
376 2200 491 2271 damno,
511 2199 612 2275 utqui
632 2201 752 2258 dixerim
773 2219 835 2258 esse
859 2201 888 2257 in
915 2201 1047 2258 omnibus

145 2347 157 2364 ,
257 2297 388 2355 utilitatis
402 2297 526 2372 aliquid:
547 2297 598 2354 sed
612 2297 648 2370 ad
668 2297 733 2356 illos
749 2298 808 2374 jam
828 2297 961 2374 perfectis
981 2315 1048 2356 con·

256 2394 418 2468 stitutisque
444 2394 551 2452 viribus
584 2404 766 2451 revertemur.
819 2394 867 2452 58.
900 2393 1002 2479 Quod
1017 2393 1046 2452 in

135 2482 136 2485 '
256 2490 348 2548 coenis
367 2490 522 2567 grandibus
542 2509 617 2566 sape
637 2491 768 2562 facimus,
783 2501 824 2562 ut,
846 2509 912 2550 cum
932 2491 1048 2567 optimis

256 2585 350 2644 satiati
363 2605 472 2658 sumus,
486 2587 608 2644 varietas
626 2598 723 2645 tamen
743 2588 826 2644 nobis
846 2605 881 2645 es
901 2587 1047 2645 vilioribus

256 2684 395 2760 gratasit„
435 2682 524 2742 Tunc
550 2693 580 2740 et
605 2683 726 2760 elegiam
755 2683 867 2740 vacabit
894 2683 924 2740 in
945 2701 1046 2740 manus

155 2792 166 2843 j
256 2797 378 2851 sumere,
405 2779 487 2855 cujus
518 2780 652 2855 princeps
685 2779 803 2836 habetur
839 2778 1046 2836 Callimachus:
1129 2793 1132 2801 ·

257 2875 398 2932 secundus
412 2874 593 2932 consessione
605 2875 792 2950 plurimorum
807 2873 947 2932 Pltilstas
962 2893 1047 2933 occu·
1130 2915 1135 2930 ,

256 2970 341 3046 pavit.
381 2971 429 3028 59.
451 2970 509 3028 Sed
523 2971 590 3027 dum
606 2970 780 3044 assequimur
795 2970 871 3028 illam
886 2970 1004 3043 firmam,
1016 2981 1047 3030 ut

257 3065 327 3135 dixi,
348 3066 523 3137 facilitatem,
544 3066 659 3141 optimis
686 3066 906 3124 assuescendum
933 3078 992 3126 est:
1019 3077 1048 3126 et

258 3161 346 3220 mults
366 3162 458 3238 magis
477 3181 561 3237 quam
582 3162 735 3220 multorum
756 3163 880 3220 lectione
902 3162 1048 3222 formanda

257 3267 384 3328 mens,et
394 3256 544 3315 ducendus
556 3258 645 3315 color.
686 3257 787 3334 Itaque
800 3277 835 3316 ex
848 3259 939 3315 tribus
952 3276 1048 3334 recep·

258 3354 296 3413 tis
328 3354 489 3413 Aristarchi
516 3354 629 3428 judicio
660 3355 846 3430 scriptoribus
879 3354 1047 3424 iamborum,
