2675 4009
461 591 544 640 msa.
563 591 702 640 omuora
721 592 783 639 ms.
802 592 846 638 ιι.
866 592 889 638 s.
1018 581 1076 642 135

273 740 551 800 obsecundantibus:
573 751 602 799 et
615 741 644 799 in
658 743 802 800 narrando
820 750 927 814 oertus,
941 740 991 798 sed
1010 750 1072 799 tum

271 838 357 914 paulo
369 839 552 914 productior:
575 848 603 896 et
617 838 647 895 in
660 839 858 914 exprobrando
871 849 900 896 et
914 856 1072 914 coarguen-

271 934 308 992 do
329 953 394 992 aoar
416 945 500 1010 atque
527 935 642 992 instans.
685 935 813 1013 Longius
840 935 916 994 onim
942 935 1070 1010 partibus

270 1029 315 1088 his
341 1041 370 1089 et
391 1031 511 1090 liberius
530 1031 663 1088 exeritur.
703 1033 751 1090 93.
772 1032 884 1090 Vitiosa
904 1050 971 1090 vero
992 1030 1068 1088 idom

269 1127 416 1186 sinistrum
450 1127 530 1203 qussi
563 1127 713 1186 humerum
738 1139 838 1204 petens
864 1129 895 1186 in
920 1128 996 1186 latus
1022 1127 1068 1205 agi

269 1224 360 1282 solet:
382 1242 545 1300 quanquam
560 1224 654 1282 adhuo
666 1225 749 1300 pejus
770 1224 857 1299 aliqui
876 1231 1067 1283 transversum

269 1322 419 1380 brachium
432 1322 589 1398 proferunt,
604 1333 632 1380 et
646 1322 746 1378 oubito
758 1322 957 1396 pronunciant
999 1322 1067 1380 Duo

268 1437 382 1494 quoque
408 1419 495 1477 medii
516 1420 569 1477 sub
588 1419 723 1494 pollinem
743 1417 881 1474 veniunt:
909 1428 937 1474 et
957 1428 1000 1475 est
1020 1418 1067 1475 hio

264 1517 362 1574 adhuc
374 1517 469 1591 priore
483 1527 579 1594 gestus
593 1515 754 1587 instantior,
767 1513 911 1590 principio
924 1524 954 1572 et
973 1531 1068 1572 narra·

266 1613 339 1672 tioui
354 1631 412 1670 non
427 1614 666 1672 accommodatus.
708 1613 756 1672 94.
778 1612 820 1670 At
833 1629 901 1669 oum
920 1620 979 1668 tros
999 1629 1067 1668 oon·

265 1711 351 1770 trooti
370 1711 476 1787 pollice
501 1723 684 1787 premuntu13
712 1720 773 1768 tum
801 1708 909 1786 digitus
929 1708 987 1780 illo,
1009 1727 1066 1784 quo

265 1827 350 1866 usum
383 1808 488 1884 optime
521 1808 658 1866 Crassum
691 1807 797 1864 Cicero
823 1807 904 1878 dicit,
931 1804 1066 1882 explicari

267 1904 347 1962 solet.
388 1903 418 1960 Is
438 1903 467 1960 iu
489 1903 688 1978 exprobrando
708 1913 737 1959 et
756 1902 921 1975 indicando,
942 1902 1068 1960 undeet

266 2000 295 2059 si
321 2018 427 2058 nomen
453 2009 506 2070 ost,
533 1999 624 2056 volet:
658 2011 687 2056 et
714 1998 833 2056 allevata
860 2017 894 2056 ao
921 2009 1069 2074 spectante

267 2097 418 2154 humorum
437 2114 525 2152 mauu
545 2095 661 2170 paulum
675 2094 830 2151 inclinatus
851 2094 988 2151 affirmat:
1009 2111 1069 2150 rer·

265 2213 316 2254 sus
336 2192 491 2250 interram
511 2202 541 2249 et
561 2191 641 2266 quasi
661 2208 768 2266 pronus
787 2200 886 2267 urget:
915 2189 1068 2264 aliquando

265 2309 319 2368 pro
333 2307 455 2348 numero
468 2299 519 2347 est
559 2289 607 2346 95.
629 2287 711 2346 Idem
721 2305 834 2344 summo
845 2286 967 2344 artioulo
979 2286 1069 2344 utrin-

265 2407 322 2464 que
342 2387 442 2446 leviter
453 2393 454 2400 ’
465 2386 652 2463 apprehenso,
666 2384 779 2441 duobus
799 2383 912 2442 modico
932 2383 1067 2457 curvatis,

265 2486 361 2544 minus
381 2496 478 2543 tumen
498 2483 627 2554 minimo,
644 2491 726 2557 aptus
747 2482 783 2538 ad
797 2481 999 2557 disputandum
1013 2491 1065 2539 est.

265 2583 374 2642 Acrius
387 2593 483 2640 tamen
500 2578 695 2658 argumentari
714 2578 856 2650 videntur,
870 2577 919 2653 qui
939 2578 1066 2635 modium

266 2679 419 2736 articulum
451 2678 546 2753 potius
571 2685 687 2735 tenent:
721 2674 1066 2742 tantooontraotioribus

266 2775 376 2832 ultimis
409 2774 517 2850 digitis,
551 2783 658 2848 quanto
697 2770 807 2846 priores
845 2768 1064 2827 descenderunt.

265 2873 314 2930 96.
342 2871 395 2928 Est
421 2881 449 2928 et
475 2870 523 2928 illo
549 2868 719 2928 verecunda
745 2865 866 2922 orationi
894 2864 1065 2940 aptissimus,

268 2987 325 3043 quo
344 2977 465 3044 quatuor
485 2966 583 3044 primis
603 2966 703 3024 leviter
723 2963 754 3021 iu
774 2979 917 3020 summum
937 2962 1067 3021 notiomi-

266 3067 321 3124 bus
334 3063 441 3142 digitis,
455 3083 513 3122 non
526 3062 624 3138 procui
641 3062 678 3120 ab
691 3079 741 3118 ore
755 3069 804 3116 aut
816 3068 933 3134 pectora
945 3059 1066 3117 refertur

266 3163 302 3222 od
329 3181 381 3220 nos
407 3179 518 3232 manus,
545 3171 574 3216 et
599 3159 703 3216 deinde
729 3175 820 3233 prona
854 3174 887 3212 ao
919 3156 1066 3231 paululum

264 3261 375 3338 prolata
387 3258 504 3318 laxatur.
545 3255 594 3315 97.
615 3255 683 3314 Ηοο
703 3254 789 3312 modo
809 3252 929 3328 ooepisse
948 3252 1067 3309 Demos·

266 3359 382 3418 thartam
416 3355 503 3416 oredo
537 3355 566 3414 in
595 3353 645 3412 illo
670 3371 723 3430 pro
752 3347 1067 3427 Ctesiphonte-timido
1111 3415 1115 3422 ¹
