2675 4009
308 571 365 631 1⁰6
528 585 563 631 nr.
583 583 651 631 nnn.
671 582 876 641 numerurm

306 731 350 790 lus
363 734 406 792 vel
422 735 551 812 alligatus
565 745 746 793 commoueat
758 753 822 807 nus,
831 753 883 792 eur
894 735 923 792 id
937 734 1104 793 fecerimus.

306 829 380 888 Hoeo
400 832 489 908 magis
511 831 603 888 adhue
624 833 793 908 astringunt,
807 833 857 906 qui
877 831 1041 889 memoriam
1062 831 1105 888 ab

307 927 401 1002 aliquo
415 928 500 984 simili
514 927 687 986 transferunt
701 929 736 985 ed
750 929 789 1000 id,
803 928 879 1004 quud
894 927 1105 985 continendum

305 1035 364 1084 est:
385 1034 416 1080 ut
430 1024 459 1080 in
474 1025 646 1097 nominibus,
657 1026 681 1082 si
692 1025 803 1082 Fabius
818 1025 888 1082 lorte
902 1025 939 1082 sit
948 1024 1103 1095 tenendus,

305 1121 459 1178 referamus
473 1122 508 1178 ed
522 1122 602 1179 illum
615 1122 822 1194 Cltnctuturon,
833 1123 881 1197 qui
895 1122 1028 1179 excidere
1040 1139 1103 1177 non

303 1227 415 1293 potest:
437 1228 485 1276 aut
506 1219 539 1276 ad
562 1220 685 1294 aliquem
706 1220 839 1290 amioum,
853 1218 902 1294 qni
922 1218 998 1276 idem
1017 1233 1104 1274 voee-

305 1325 369 1373 lur:
395 1317 443 1374 31.
464 1317 540 1392 quod
560 1328 601 1375 est
622 1316 734 1374 facilius
755 1317 784 1372 in
797 1315 900 1391 Apris,
914 1329 943 1372 et
957 1315 986 1372 in
1006 1313 1102 1384 Ursis,

305 1423 334 1470 et
354 1412 479 1486 Nasone,
494 1425 543 1472 eut
559 1414 670 1489 Crispo,
692 1422 725 1469 ut
745 1413 773 1468 id
795 1412 938 1469 memoriae
960 1411 1101 1488 affigatur,

305 1509 382 1566 unde
408 1519 474 1566 sunt
500 1510 622 1566 nomina.
676 1507 769 1583 Origo
800 1525 914 1581 quoque
946 1505 1102 1581 aliquando

305 1605 511 1662 declinatorum
544 1604 660 1661 tenendi
694 1603 785 1679 magio
817 1620 904 1659 eausa
930 1613 984 1673 est,
1010 1612 1043 1658 ut
1070 1601 1102 1659 in

305 1699 448 1771 Cicerone,
490 1699 598 1771 Verrio,
632 1698 761 1770 Aurelio,
796 1698 820 1756 si
857 1699 963 1756 debent
1001 1697 1101 1757 inseri.

304 1795 350 1854 32.
372 1795 448 1853 Illud
464 1796 616 1854 ¹neminem
637 1815 696 1854 non
721 1796 842 1872 juvabit,
862 1795 974 1867 iisdem,
995 1795 1102 1870 quibus

305 1893 458 1970 scripserit,
470 1894 543 1952 neris
557 1893 693 1952 ediscere.
735 1893 869 1968 Sequitur
883 1893 960 1950 enirn
973 1891 1102 1968 vestigiis

305 1991 475 2068 quibusdam
502 1992 678 2064 memorium,
698 2001 727 2048 et
753 1991 830 2048 velut
855 1989 947 2047 oeulis
974 1989 1102 2046 intuetur

305 2105 364 2146 non
384 2089 502 2166 paginas
522 2088 616 2160 modo,
638 2088 689 2146 sed
708 2106 805 2145 versus
830 2105 918 2164 prope
944 2087 1029 2161 ipsus,
1050 2085 1102 2160 qni

305 2195 366 2244 tum
380 2186 460 2258 dicit,
474 2185 575 2242 similis
588 2185 702 2262 legenti.
744 2184 762 2241 J
765 2203 808 2241 nm
822 2202 889 2241 vero
902 2183 926 2240 si
946 2183 1031 2239 litura
1051 2191 1102 2238 eut

308 2281 430 2358 adjectio
458 2283 551 2356 eliqua
578 2293 660 2357 etque
681 2281 801 2338 mutatio
820 2278 997 2350 interveniat,
1018 2278 1103 2354 signe

308 2387 374 2432 eunt
386 2376 525 2451 quoedum,
540 2395 602 2451 que
618 2377 762 2432 intuentes
774 2375 906 2430 deerrare
925 2392 984 2431 non
1002 2391 1103 2449 possm

307 2487 379 2530 mus.
419 2472 465 2529 33.
488 2472 560 2528 Haee
574 2471 657 2541 ratio,
671 2481 703 2526 ut
716 2480 759 2526 est
779 2469 831 2539 illi,
846 2469 882 2526 de
901 2487 958 2544 qun
977 2470 1102 2545 primum

307 2569 421 2629 loeutus
441 2585 513 2638 sum,
529 2566 583 2623 arti
603 2585 662 2622 non
682 2565 836 2635 dissimilis,
852 2565 900 2636 ita,
921 2567 945 2623 ei
965 2566 1038 2642 quid
1054 2583 1102 2623 me

308 2665 500 2744 experimenta
513 2663 683 2734 docuerunt,
697 2673 726 2720 et
739 2662 895 2737 expolitior
908 2673 937 2720 et
949 2664 1100 2738 potentior.

309 2767 445 2825 Edisoere
465 2765 551 2822 tacite
572 2762 652 2840 (num
672 2761 702 2818 id
728 2779 840 2836 quoque
866 2771 910 2819 est
936 2762 1100 2841 quesitum)
1188 2772 1189 2793 ³

309 2876 369 2924 erat
383 2865 530 2940 optimum,
545 2861 569 2919 ri
583 2879 641 2918 non
655 2860 783 2917 subirent
803 2861 879 2918 velut
899 2860 1021 2917 otiosum
1044 2861 1104 2916 uni-

309 2979 388 3020 mum
406 2961 571 3036 plerumque
593 2957 654 3014 elie
675 2956 874 3033 cogitationes,
893 2966 1006 3032 propter
1031 2973 1103 3031 quas

310 3057 477 3115 excitandus
504 3067 547 3113 est
573 3071 653 3125 voce,
681 3062 713 3110 ut
739 3053 847 3128 duplici
879 3062 959 3109 motu
988 3052 1102 3129 juvetur

310 3152 455 3222 memorie,
470 3151 585 3208 dicendi
605 3161 634 3207 et
655 3148 797 3206 audiendi.
838 3148 896 3205 Sed
917 3149 979 3206 heo
998 3149 1103 3205 versit

311 3247 432 3318 modion,
459 3256 487 3303 et
519 3246 610 3322 magis
643 3263 778 3302 murmur.
831 3243 878 3301 34.
910 3243 974 3306 Qui
1008 3253 1103 3300 eutem

311 3346 423 3424 legente
438 3342 494 3401 elio
506 3342 618 3415 ediseit,
634 3341 663 3400 in
676 3352 757 3419 parte
769 3341 906 3411 tardatur,
920 3340 995 3416 qnod
1009 3342 1103 3397 aerior
