2675 4009
259 539 300 600 32
483 546 520 593 n.
539 545 608 593 mn.
628 543 835 601 oum’rmmm

775 589 951 672 tndem*

259 697 412 756 Romanus
424 715 483 755 non
503 696 633 773 recipere
653 695 783 754 videatur
804 695 882 753 illem
903 693 972 753 solis
991 685 1059 754 con·¹

260 812 371 852 cessem
392 794 499 852 Atticis
519 812 662 865 venerem,
685 792 800 868 quando
820 811 884 850 eam
905 811 942 850 ne
962 792 1059 850 Graeci

260 891 376 966 quidem
390 891 420 948 in
435 890 491 947 olio
504 908 610 967 genere
621 889 727 974 linguae
736 888 921 946 obtinuerint.
960 965 964 976 Ι
993 907 1060 966 oge-

259 987 297 1044 tis
311 988 425 1045 excellit
438 973 597 1063 Afranius,
612 987 781 1061 utinamque
802 1004 861 1044 non
881 969 1114 1060 inquinate&

261 1094 429 1160 argumente
441 1102 596 1160 puerorum
611 1083 694 1140 soedis
709 1083 863 1155 ernoribus,
878 1099 973 1140 mores
992 1100 1059 1138 suos

261 1179 361 1237 lassus.
1072 1180 1075 1186 ‘

206 1309 219 1318 ν
236 1280 254 1355 fl
302 1277 366 1334 101.
395 1277 436 1334 At
461 1296 520 1336 non
547 1278 667 1337 historia
694 1275 830 1336 cesserim
856 1275 977 1348 Grecis,
1005 1293 1061 1334 nec

260 1391 405 1450 opponere
432 1373 600 1451 Thucydidi
621 1375 795 1432 Sallustium
822 1391 937 1430 verear:
966 1391 1060 1448 neque

260 1470 425 1549 indignetur
452 1471 507 1529 sibi
531 1472 698 1529 Herodotus
732 1470 837 1546 aequeri
874 1469 907 1527 T.
933 1470 1060 1541 Liuium,

260 1587 327 1625 cum
342 1570 372 1626 in
386 1568 528 1625 narrando
541 1568 620 1624 mirae
638 1567 839 1644 jucunditatis,
854 1565 1062 1642 clarissimique
1131 1603 1138 1622 .

261 1665 403 1736 candoris,
418 1675 479 1721 tum
500 1663 530 1721 in
550 1663 749 1737 concionibus,
771 1683 856 1740 supra
876 1683 961 1740 quam
982 1681 1063 1722 ener-

260 1761 317 1818 rari
329 1771 433 1837 potest,
448 1761 647 1836 eloquentem:
671 1761 788 1837 itaque
803 1762 939 1819 dicuntur
954 1761 1061 1834 omnia,

261 1877 328 1915 cum
354 1859 450 1930 rebus,
477 1869 538 1915 tum
565 1859 705 1934 personis,
734 1859 950 1916 accommodate
976 1868 1061 1916 sunt:

261 1955 380 2013 affectus
394 1956 521 2032 quidem,
536 1956 681 2032 precipue
695 1974 753 2028 eos,
769 1957 818 2032 qui
833 1967 899 2014 sunt
909 1955 1061 2028 dulciores,

260 2062 293 2110 nt
305 2053 473 2129 parcissime
487 2053 593 2126 dicam,
604 2073 691 2112 nemo
701 2053 904 2112 historicorum
918 2071 1063 2112 commen·

261 2150 339 2209 davit
366 2134 477 2228 magis.v
518 2151 583 2209 102.
613 2151 741 2227 Ideoque
768 2151 956 2210 immortalem
984 2150 1062 2208 illam

262 2249 390 2306 Sallustii
404 2248 585 2306 velocitatem
596 2249 714 2306 diversis
725 2249 878 2305 virtutibus
889 2256 1066 2347 consecutn&

262 2354 313 2401 est.
356 2344 385 2400 N
388 2363 432 2400 nm
447 2344 517 2400 mihi
533 2345 649 2420 egregie
670 2345 776 2402 dixisse
797 2315 911 2400 vide‘ib‘i
918 2309 1062 2399 §illiniri

261 2439 424 2511 Nonianus,
438 2459 522 2516 pares
535 2458 585 2497 eos
599 2440 701 2517 magis,
716 2458 801 2515 quam
816 2439 940 2496 similes:
962 2437 1012 2514 qui
1033 2446 1063 2496 et

262 2539 323 2614 ipse
338 2540 450 2596 anobis
465 2539 578 2596 auditus
599 2550 652 2611 est,
666 2539 732 2597 elati
754 2539 796 2596 vir
817 2538 937 2616 ingenii,
952 2549 980 2596 et
1001 2556 1064 2596 sen·

261 2635 360 2693 tentiis
380 2637 491 2707 creber,
505 2636 556 2694 sed
576 2635 673 2693 minus
693 2655 816 2712 pressus,
832 2655 917 2712 quam
938 2635 1063 2693 historin

263 2733 419 2792 suctoritus
444 2733 953 2809 postulatstt103.Quam,puulum
981 2743 1064 2791 aetate

262 2831 428 2906 precedens
441 2848 507 2887 eum
522 2829 648 2888 Bassius
660 2829 808 2907 Aufidius,
823 2831 949 2908 egregie,
965 2830 1064 2906 utique

263 2928 293 2984 in
320 2927 401 2984 libris
429 2927 495 2984 belli
515 2929 693 2999 Germanici,
713 2929 854 3004 praestitit,
876 2947 981 3005 genere
1002 2928 1065 3005 ipso

262 3024 418 3100 probabilis
432 3025 461 3082 in
476 3026 620 3098 omnibus,
635 3026 685 3084 sed
700 3025 729 3083 in
744 3026 915 3101 quibusdem
930 3027 989 3084 suis
1004 3026 1064 3102 ipse

263 3122 372 3180 viribus
386 3124 486 3182 minor.
531 3124 595 3182 104.
619 3125 756 3200 Superest
776 3125 880 3197 adbuc,
895 3135 924 3183 et
944 3133 1063 3184 exornat

264 3221 356 3280 aetatis
382 3232 486 3279 nostrie
513 3222 643 3300 glorium,
668 3222 711 3279 vir
737 3224 899 3282 seculorum
926 3221 1065 3282 memorie

265 3319 379 3401 dignus,
399 3321 449 3400 qui
469 3321 539 3382 olim
558 3322 764 3399 nominabitur,
785 3343 864 3386 nunc
884 3321 1068 3402 intelligitur:
