2675 4009
490 538 903 588 msuouunon.n1n.x.s.
1057 533 1097 592 39

297 687 353 745 cio.
394 687 470 746 Num
491 689 516 746 si
537 690 630 766 aliqua
651 691 857 763 contem-risset,
872 691 896 750 si
916 711 1015 767 purum
1035 708 1094 748 non

298 786 489 860 concupisset,
504 787 529 844 si
548 805 607 844 non
627 788 725 846 omnin
738 807 790 845 sua
811 798 939 859 amasset,
954 787 977 843 si
999 805 1091 844 rerum

295 882 424 958 pondera
450 883 647 940 minutissimis
680 884 828 942 sententiis
861 902 919 940 non
946 884 1090 960 fregisset:

297 995 440 1036 consensu
473 979 568 1054 potius
600 980 785 1051 eruditorum,
820 999 905 1055 quam
936 997 1091 1055 puerorum

296 1091 394 1132 amore
414 1075 652 1148 comprobaretur.
695 1076 759 1132 131.
781 1077 889 1133 Verum
910 1075 952 1133 sic
979 1094 1090 1151 quoquc

297 1169 358 1247 jam
385 1169 516 1239 robustis,
538 1179 566 1226 et
592 1169 733 1227 severiore
757 1189 862 1247 genere
884 1171 952 1228 satis
972 1172 1090 1229 firmetis

294 1263 444 1340 legendus,
459 1265 501 1322 vel
516 1265 590 1336 ideo,
605 1265 682 1341 quod
697 1284 829 1323 exercere
843 1277 935 1341 potest
955 1269 1089 1343 utrinque

296 1359 448 1436 judicium.
491 1361 584 1420 Multa
597 1363 684 1434 enim,
700 1373 731 1420 ut
745 1361 812 1434 dixi,
827 1363 973 1438 probanda
993 1365 1022 1421 in
1043 1383 1087 1436 eo,

294 1456 383 1513 multa
396 1457 482 1514 etiam
498 1458 663 1516 admirande
677 1470 760 1517 sunt:
782 1458 888 1535 eligere
906 1459 991 1514 modo
1013 1478 1088 1518 cure

292 1551 340 1624 sit,
355 1553 429 1627 qnod
444 1554 554 1611 utinam
574 1555 636 1631 ipse
656 1555 778 1613 fecisset.
821 1554 917 1632 Digna
938 1555 1014 1612 enim
1035 1556 1089 1614 suit

292 1649 341 1706 illa
355 1661 467 1724 natura,
482 1671 545 1726 quie
560 1653 677 1710 meliora
697 1653 790 1726 vellet,
805 1672 878 1728 quae,
893 1652 968 1729 quod
990 1653 1087 1725 voluit,

292 1748 397 1806 effecit.

330 1940 369 1997 H.
398 1941 443 1998 Ex
462 1943 507 1998 his
528 1943 687 2017 ceterisque
707 1943 831 2001 lectione
852 1943 946 2020 dignis
968 1943 1088 1999 auctori·

291 2035 346 2092 bus
370 2047 398 2094 et
418 2039 568 2094 verborum
588 2037 726 2094 sumenda
747 2039 830 2112 copia
850 2049 892 2093 est
912 2049 940 2094 et
967 2039 1087 2094 varietas

230 2204 232 2207 Ι
291 2132 456 2208 figurarum,
467 2143 496 2190 et
507 2133 697 2209 componendi
707 2133 792 2189 ratio:
809 2143 868 2188 tum
879 2132 912 2187 ad
927 2132 1086 2206 exemplum

261 2298 263 2301 Ι
290 2227 426 2285 virtutum
447 2228 575 2285 omnium
596 2247 677 2285 mens
693 2227 848 2304 dirigenda.
890 2225 994 2300 Neque
1009 2227 1085 2284 enim

288 2326 413 2383 dubitari
428 2336 530 2402 potest,
545 2325 614 2401 quin
629 2325 696 2382 artis
710 2343 774 2400 pars
788 2342 892 2400 magna
906 2323 1086 2381 contineatur

288 2423 454 2480 imitatione.
494 2422 524 2479 N
527 2443 572 2480 am
587 2433 617 2479 ut
632 2421 758 2479 invenire
771 2422 894 2496 primurn
909 2421 971 2492 suit,
987 2423 1086 2496 estque

288 2521 480 2596 praecipuum:
502 2521 544 2577 sic
559 2539 602 2590 ea,
617 2539 679 2595 quae
694 2520 767 2576 bene
788 2518 903 2575 inventa
923 2529 998 2590 sunt,
1013 2519 1083 2576 utile

287 2616 377 2691 sequi.
417 2617 445 2674 2.
467 2617 563 2692 Atque
583 2616 677 2673 omnis
705 2615 767 2672 vitae
794 2616 867 2672 ratio
893 2615 936 2670 sic
963 2625 1084 2683 constat,

287 2723 329 2783 ut,
351 2734 413 2788 quae
441 2715 593 2789 probamus
620 2714 649 2771 in
665 2713 737 2782 aliis,
759 2712 852 2768 facere
880 2711 933 2785 ipsi
955 2711 1083 2768 velimus.

267 2877 270 2881 ἱ
288 2810 339 2866 Sic
352 2811 509 2868 litterarum
523 2812 635 2877 ductus
650 2826 682 2868 ut
696 2808 840 2866 scribendi
854 2807 902 2864 fiet
913 2826 990 2878 usus,
1004 2808 1085 2882 pueri

286 2920 460 2982 sequuntur:
481 2909 524 2965 sic
538 2907 639 2965 musici
653 2925 755 2963 vocem
769 2904 943 2974 docentium,
959 2903 1084 2978 pictores

286 3023 373 3080 opera
386 3007 522 3080 priorum,
537 3005 635 3062 rustici
648 3004 796 3080 probatam
811 3001 1004 3076 experimento
1026 3001 1084 3058 cul·

287 3113 380 3158 turam
407 3103 435 3158 in
457 3101 615 3176 exemplum
637 3103 791 3157 intuentur.
833 3097 937 3154 Omnis
958 3097 1083 3171 denique

287 3198 445 3274 disciplinas
460 3198 542 3255 initia
560 3197 595 3254 ad
615 3197 790 3273 propositum
812 3195 866 3251 sibi
886 3194 1083 3269 praescriptum

286 3296 401 3356 formari
415 3295 550 3353 videmus.
591 3295 618 3353 3.
640 3294 679 3352 Et
699 3293 815 3351 hercule
835 3309 953 3349 necesse
967 3298 1019 3360 est,
1035 3300 1083 3348 aut
