2675 4009
416 947 461 1001 Μ.
484 946 615 1004 FABII
644 947 960 1010 QUINTILIANI

663 1106 700 1140 nn

308 1225 605 1298 ORATORIA
640 1233 1052 1338 INSTITUTlONE

507 1433 615 1484 LIBER
635 1431 859 1482 UNDEOIMUS.

320 1822 344 1882 1.
371 1823 506 1892 Pnunm,
533 1821 609 1879 sicut
634 1823 780 1898 superiore
807 1822 881 1880 librc
907 1822 1081 1896 continetur,

282 1919 417 1979 facultate
437 1919 592 1990 scribendi,
615 1919 829 1997 cogitandique,
850 1929 879 1978 et
899 1939 935 1978 ex
954 1929 1082 1996 tempore

282 2017 378 2089 etiam,
393 2035 459 2074 cum
473 2034 519 2074 res
531 2017 634 2093 poscit,
649 2017 767 2088 orandi,
787 2017 917 2094 proxima
936 2028 979 2074 est
1000 2037 1080 2090 curu,

281 2122 313 2169 ut
326 2111 452 2169 dicamus
466 2120 550 2187 apte:
571 2130 656 2186 quam
671 2113 805 2170 virtutem
818 2121 948 2188 quartum
963 2112 1082 2170 elocuti·

281 2210 346 2267 onis
359 2208 464 2265 Cicero
478 2208 662 2274 demonstrat,
678 2227 797 2284 qumque
817 2219 860 2267 est
880 2227 946 2266 meo
965 2209 1082 2282 quidem

284 2305 395 2381 judicic
421 2305 545 2362 maxime
571 2307 741 2362 necessarie,
790 2306 818 2362 2.
847 2304 925 2361 Nam
951 2321 1018 2360 cum
1045 2303 1083 2361 sit

281 2408 397 2456 ornatus
411 2399 548 2456 orationis
561 2400 657 2456 varius
667 2410 696 2456 ct
706 2399 863 2474 multiplex,
873 2397 1082 2472 conveniatque

282 2495 354 2552 nlius
368 2495 432 2552 ulii:
453 2493 510 2550 nisi
531 2494 616 2551 suerit
636 2494 869 2551 accommodatus
889 2494 975 2551 rebus
997 2503 1082 2570 utque

280 2591 419 2668 personis,
433 2608 492 2646 ncn
505 2589 592 2646 modo
605 2608 664 2646 nou
679 2589 829 2648 illustrabit
843 2607 916 2661 eam,
931 2589 981 2647 sed
995 2590 1081 2648 etium

282 2691 416 2760 destruet,
444 2698 471 2746 et
498 2688 555 2745 vim
588 2706 683 2745 rerum
717 2688 747 2744 in
781 2688 955 2745 contrarium
981 2699 1078 2746 vertet.

280 2787 363 2849 Quid
377 2788 453 2845 euim
467 2787 590 2862 prodest,
605 2805 668 2844 esse
681 2786 765 2842 verba
785 2795 814 2843 et
833 2785 931 2857 latina,
946 2795 975 2844 et
995 2785 1081 2862 signi·

281 2881 406 2953 licentia,
421 2892 449 2939 et
461 2881 563 2951 nitida,
574 2881 673 2956 figuris
687 2880 773 2937 etium
788 2882 971 2956 numerisque
985 2881 1080 2938 elabo-

281 2985 352 3045 rata,
366 2977 421 3033 nisi
445 2995 512 3033 cum
537 2976 581 3047 iis,
597 2976 626 3032 in
640 2995 704 3050 quae
726 2976 853 3052 judicem
868 2977 936 3034 duci
951 2975 1079 3033 soimeri·

282 3089 338 3146 que
350 3072 490 3142 volumus,
511 3073 712 3130 consentiautl
752 3073 779 3131 3.
801 3073 825 3130 ni
845 3092 937 3150 genus
957 3073 1079 3131 sublime

282 3167 397 3226 dicendi
428 3168 522 3244 parvis
555 3169 585 3226 in
618 3170 723 3241 causis,
749 3187 866 3246 parvum
893 3170 1079 3245 limatumque
1128 3185 1130 3190 '

281 3263 446 3341 grandibus,
472 3265 569 3322 lutum
595 3267 733 3338 tristibus,
754 3267 819 3325 leue
847 3267 962 3343 asperis,
983 3267 1080 3324 minax

281 3361 467 3439 supplicibus,
494 3363 676 3423 summissum
709 3364 870 3437 concitatis,
896 3374 962 3423 trux
996 3373 1080 3439 utque
