2675 4009
479 545 563 594 man.
582 547 720 594 carana.
740 547 801 594 nm.
821 547 852 596 x.
871 548 893 594 a
1046 541 1085 600 51

288 706 416 774 tempore
428 698 576 768 scribunt3
598 698 675 756 banc
688 697 790 764 silvam
810 707 932 756 vocant:
953 709 1086 774 repetunt

288 793 402 868 deinde,
416 806 445 854 et
459 805 646 872 componunt,
660 815 724 870 qum
738 795 914 854 effuderant:
936 797 986 855 sed
1000 797 1086 854 verba

287 893 474 950 emendantur
494 903 524 949 et
543 891 665 962 numeri,
687 903 783 951 manet
810 893 839 950 in
868 894 952 952 rebus
978 903 1085 952 temere

288 989 442 1065 congestis,
465 1007 528 1063 quae
556 987 619 1055 fuit,
641 989 748 1048 levitae.
793 990 837 1048 18.
859 989 995 1048 Protinus
1017 1007 1085 1067 ergo

288 1085 424 1142 adbibere
444 1103 543 1142 curam
563 1085 671 1142 rectius
692 1087 755 1158 erit,
778 1096 862 1162 atque
883 1089 919 1146 ab
940 1088 1023 1146 initio
1043 1088 1086 1146 sic

287 1199 360 1256 opus
373 1181 490 1251 ducere,
506 1191 537 1237 ut
556 1181 727 1253 celandum,
741 1201 799 1239 non
821 1202 857 1240 ex
877 1184 989 1262 integro
1003 1185 1087 1244 fabri·

287 1277 412 1334 candum
445 1277 489 1335 eit.
531 1277 698 1352 Aliquando
727 1288 822 1336 tamen
851 1280 969 1338 affectus
995 1281 1087 1356 eequi-

287 1392 361 1446 mur,
377 1373 525 1450 inquibus
545 1375 605 1434 fere
624 1375 690 1451 plue
711 1375 799 1448 calor,
821 1394 907 1450 quam
927 1377 1085 1453 diligentia,

287 1471 369 1529 valet.
395 1438 459 1554 d(

327 1569 404 1627 satia
424 1580 540 1647 apparet
566 1589 602 1628 ex
628 1588 673 1638 eo,
695 1570 772 1646 quod
798 1569 874 1628 banc
901 1569 1087 1628 scribentium

286 1664 491 1742 negligentiam
505 1665 621 1738 damno,
632 1665 748 1742 quidde
763 1665 819 1724 illis
833 1665 961 1724 dictandi
975 1665 1087 1724 deliciis

287 1761 419 1820 sentiam.
462 1763 507 1820 19.
528 1761 607 1820 Nam
634 1763 665 1820 in
692 1763 759 1822 etilo
786 1763 903 1839 quidem
930 1763 1087 1838 quamlibet

286 1868 438 1934 properato
465 1858 515 1916 dat
541 1859 666 1941 aliquam
693 1860 864 1938 cogitationi
891 1879 1001 1918 moram
1027 1878 1087 1918 non

288 1972 469 2029 consequens
483 1955 659 2012 celeritatem
673 1955 734 2031 ejus
748 1975 865 2014 manus:
887 1956 945 2028 ille,
961 1957 1009 2014 cui
1029 1957 1088 2014 dic-

288 2061 393 2121 tamue,
407 2060 499 2127 urget,
515 2062 600 2125 atque
614 2051 728 2108 interim
742 2053 831 2126 pudet
844 2051 931 2108 etiam
946 2053 1087 2123 dubitare,

193 2145 196 2150 ’
290 2157 340 2204 aut
353 2147 495 2218 resistere,
511 2158 560 2204 aut
573 2157 695 2219 mutare,
711 2147 792 2224 quasi
807 2146 957 2204 conscium
972 2147 1089 2206 infirmi·

289 2243 357 2302 tatia
369 2253 474 2301 nostre
487 2243 633 2302 timentes.
673 2243 721 2302 20.
742 2243 814 2306 Quo
828 2243 869 2316 fit,
884 2253 990 2302 utnon
1005 2244 1088 2302 rudia

288 2350 410 2413 tantum,
430 2351 460 2399 et
480 2341 605 2414 fortuita,
626 2341 676 2400 aed
699 2340 854 2426 impropria
874 2341 998 2413 interim,
1020 2341 1089 2400 dum

289 2440 351 2497 aola
363 2451 407 2497 eat
420 2439 613 2498 connectendi
627 2440 767 2498 sermonis
781 2439 933 2516 cupiditas,
949 2441 1086 2498 effluant:

289 2555 352 2611 quae
385 2555 442 2594 nec
473 2537 662 2594 scribentium
696 2555 805 2608 curam,
840 2555 895 2594 nec
929 2537 1087 2594 dicentium
1152 2550 1155 2556 ’

290 2614 426 2709 impetum
440 2643 660 2708 consequantur.
702 2633 743 2690 At
756 2632 832 2690 idern
847 2633 904 2704 ille,
915 2633 965 2706 qui
975 2633 1089 2707 excipit,

289 2729 315 2785 ai
335 2729 441 2787 tardior
463 2730 493 2786 in
513 2730 677 2802 scribendo,
700 2740 748 2788 ant
768 2729 885 2787 inertior
906 2729 936 2787 in
957 2728 1088 2806 legendo,

290 2824 368 2882 velut
394 2827 548 2884 offensator
576 2827 671 2898 fuerit,
699 2826 845 2884 inhibetur
873 2845 983 2897 cursus,
1006 2837 1090 2902 atque

291 2922 395 2993 omnis,
410 2943 473 2997 quae
494 2901 723 3076 erazconcepta
743 2922 847 2981 mentis
869 2922 991 2993 intentio
1011 2943 1091 2982 mora

291 3027 321 3075 et
334 3017 476 3076 interdum
497 3021 558 3078 irac
580 3021 648 3078 adia
667 3010 909 3106 excutiturdlfll.
932 3019 1011 3078 Tum
1033 3021 1091 3093 illa,

292 3134 355 3191 ane
383 3115 511 3174 altiorem
532 3117 621 3174 animi
646 3127 757 3175 motum
784 3127 951 3192 aequantur,
973 3136 1093 3192 quaeque

291 3212 353 3290 ipsa
367 3212 494 3270 animum
514 3213 725 3289 quodammodo
745 3215 901 3286 concitant,
916 3233 1035 3290 quornm
1051 3223 1094 3270 eat

293 3309 403 3390 jactare
426 3327 554 3384 manum,
573 3321 707 3387 torquere
730 3311 850 3386 vultum,
871 3311 956 3372 simul
983 3319 1093 3370 vertere
