2675 4009
191 661 194 668 .
291 607 346 666 134
512 613 548 660 Μ.
567 611 636 660 rna.
656 611 861 668 Qumrmnm

289 766 403 825 actione
417 765 592 844 fugiendum.
633 764 680 822 89.
703 759 815 822 Abesse
833 762 911 821 enim
930 761 1085 839 plurimum

289 864 451 921 asaltatore
464 863 549 919 debet
568 871 674 932 orator,
687 871 720 918 ut
740 861 777 918 sit
797 870 894 937 gestus
914 860 950 916 ad
970 877 1085 918 sensum

287 961 388 1037 magis,
395 979 480 1035 quam
495 959 529 1016 ad
539 959 634 1031 verba,
647 959 893 1016 accommodatus:
909 958 985 1032 quod
999 958 1084 1015 etiarn

287 1057 472 1114 histrionibus
490 1057 577 1132 paulo
597 1055 775 1132 gravioribus
795 1055 889 1113 lacere
908 1055 996 1113 moris
1022 1055 1083 1113 fuit

287 1152 366 1230 Ergo
385 1163 417 1210 ut
438 1153 473 1210 ad
493 1172 524 1211 se
544 1173 659 1210 manum
679 1154 794 1220 referre,
816 1171 883 1210 cum
903 1153 939 1210 de
965 1171 996 1210 se
1023 1153 1083 1228 ipso

285 1248 428 1324 loquatur,
443 1260 472 1307 et
485 1249 515 1307 in
530 1269 605 1321 eum,
621 1269 706 1325 quem
726 1250 910 1320 demonstret,
925 1249 1081 1320 intendere,

286 1357 316 1404 et
330 1347 424 1422 aliqua
437 1347 481 1404 his
495 1347 600 1404 similia
612 1347 806 1423 permiserim:
828 1346 868 1403 ita
887 1365 954 1415 non,
969 1347 1083 1424 effinge-

286 1461 318 1501 re
338 1453 428 1501 status
449 1445 596 1520 quosdam,
612 1454 639 1501 et
660 1443 799 1518 quidquid
819 1443 897 1500 dicet
923 1444 1080 1501 ostendere.

285 1541 333 1599 90.
362 1541 466 1616 Neque
487 1541 514 1598 id
537 1541 567 1597 in
588 1540 721 1596 manibus
747 1539 849 1611 solum,
870 1540 920 1596 sed
948 1540 978 1597 in
1004 1539 1082 1598 omni

285 1648 368 1714 gestu
389 1657 422 1694 ac
443 1655 514 1693 voce
534 1636 704 1693 servandum
724 1646 774 1694 est.
816 1635 886 1694 Non
900 1637 976 1694 enirn
991 1646 1038 1694 aut
1051 1637 1082 1694 in

286 1733 334 1790 illa
347 1732 475 1808 periodo,
491 1733 580 1790 stetit
593 1733 716 1790 soleatus
729 1733 849 1790 Proetor
855 1735 959 1810 populi
978 1733 1084 1792 Romo-

284 1828 326 1901 ni,
341 1828 489 1886 inclinatio
509 1829 702 1888 incumbentis
722 1829 752 1887 in
773 1831 970 1888 mulierculam
984 1830 1083 1889 Verris

285 1925 446 2004 effingenda
466 1937 525 1998 est;
556 1937 603 1986 aut
624 1927 653 1985 in
674 1927 733 2000 illa,
757 1927 926 1986 Coedsdotur
945 1929 976 1984 in
995 1927 1083 1985 medio

286 2021 358 2100 foro
384 2023 535 2095 Messene,
563 2035 657 2083 motus
684 2025 815 2097 laterum,
842 2025 933 2101 qualis
959 2043 1021 2082 esse
1048 2023 1083 2080 ad

285 2122 403 2179 verbera
416 2122 497 2194 solet,
518 2123 712 2198 torquendus;
735 2133 783 2180 aut
802 2141 866 2192 vox,
880 2116 972 2197 qualis
985 2121 1084 2178 dolore

285 2219 461 2294 exprimitur,
476 2219 609 2276 eruenda.
643 2219 691 2276 91.
706 2219 781 2276 Cum
795 2217 865 2275 mihi
879 2217 1002 2274 comoedi
1016 2235 1086 2292 quo·

285 2333 341 2390 que
360 2315 482 2390 pessime
503 2315 597 2372 lacere
617 2315 776 2386 videantur,
797 2315 855 2388 qui,
875 2314 986 2369 etiamsi
1004 2315 1087 2388 juve-

285 2429 351 2467 nem
374 2420 468 2486 agant,
484 2428 549 2465 cum
571 2420 666 2466 tamen
688 2412 718 2466 in
739 2408 915 2483 expositione
936 2417 984 2463 aut
1003 2411 1086 2468 senis

285 2523 388 2571 sermo,
403 2515 434 2560 ut
448 2503 477 2560 in
493 2503 621 2579 Hydriae
635 2505 765 2580 prologo,
781 2513 828 2560 aut
848 2503 984 2574 mulieris,
998 2513 1030 2561 ut
1051 2505 1085 2565 in

288 2599 410 2676 Georgo,
446 2599 557 2672 incidit,
584 2601 706 2658 tremula
738 2600 782 2657 vel
816 2599 978 2657 effeminata
1010 2619 1084 2660 voce

286 2698 484 2778 pronunciant.
526 2698 611 2756 Adeo
638 2697 667 2754 in
694 2697 751 2754 illis
777 2717 890 2773 quoque
917 2707 960 2755 est
987 2699 1083 2774 aliqua

287 2797 387 2855 vitiosa
402 2797 532 2869 imitatio,
547 2815 668 2872 quorum
683 2814 727 2852 ars
747 2795 839 2852 omnis
858 2805 970 2852 constat
990 2796 1083 2853 imita·

287 2895 374 2952 tione.

325 2991 373 3048 92.
402 2992 454 3050 Est
469 3003 563 3051 autem
583 3003 680 3070 gestus
700 2991 747 3049 ille
767 2991 889 3049 maxime
909 2992 1081 3063 communis,

287 3107 345 3163 quo
358 3089 469 3146 medius
482 3089 588 3167 digitus
603 3089 631 3146 in
646 3089 778 3164 pollicem
799 3088 975 3146 contrahitur
994 3089 1082 3164 expli-

288 3183 353 3242 citis
367 3184 466 3257 tribus,
482 3196 510 3243 et
523 3185 672 3262 principiis
686 3186 762 3243 utilis
776 3203 841 3243 cum
855 3184 913 3242 leni
927 3185 957 3241 in
976 3195 1081 3242 utram-

289 3300 344 3356 que
363 3290 472 3358 partem
492 3294 572 3339 motu
593 3283 707 3340 modice
725 3282 861 3359 prolatus,
883 3282 966 3339 simul
987 3283 1081 3358 capite

289 3379 511 3456 atque'humeris
531 3381 637 3442 sensim
658 3383 694 3441 ad
714 3382 753 3455 id,
767 3400 825 3458 quo
844 3399 945 3441 manus
964 3380 1078 3453 seratur,
