2675 4009
273 561 316 623 ἥ
497 571 533 618 Μ.
553 571 623 619 rue.
644 571 851 629 numeremur

275 739 335 794 rus,
361 720 406 780 sie
437 719 513 798 opud
545 730 598 780 uos
636 721 778 797 lirgs‘lius
813 651 1074 796 lispicutissimum

276 818 388 877 dederit
399 819 557 888 exordium,
567 818 696 876 omnium
710 818 770 894 ejus
783 817 898 896 generis
910 821 1073 892 poetarum,

276 913 444 972 Graecorum
463 925 691 990 nostrorumque,
713 913 788 972 houd
809 913 895 971 dubie
915 913 1072 988 proximus.

276 1010 324 1068 86.
351 1009 423 1068 Utor
436 1010 513 1068 euim
527 1011 620 1068 verbis
634 1011 746 1082 iisdem,
760 1027 824 1085 quae
838 1027 874 1066 ex
886 1009 959 1066 Afro
973 1008 1073 1066 Domi·

277 1106 320 1163 tio
336 1106 449 1182 juvenis
468 1108 585 1182 excepi:
606 1107 656 1181 qui
677 1106 747 1164 mihi
767 1071 1072 1183 interrogentilquem

278 1201 406 1260 Homero
433 1202 562 1260 crederet
588 1203 711 1260 maxime
739 1202 886 1273 accedere,
914 1200 1071 1271 Secundus,

277 1297 380 1372 inquit,
394 1307 436 1356 est
456 1299 608 1375 Virgilius,
618 1300 741 1376 propior
761 1305 853 1356 tumen
868 1299 972 1374 prime
987 1305 1071 1374 φιαπι

277 1395 369 1452 lertio.
410 1395 448 1452 Et
468 1395 586 1454 hercule
606 1406 638 1452 ut
658 1395 701 1452 illi
722 1406 830 1452 nature
851 1393 960 1451 coelesti
988 1404 1072 1469 etque

277 1490 430 1550 immortali
450 1492 631 1562 cesserimus,
645 1491 686 1548 ita
706 1509 782 1550 cure
803 1501 832 1548 et
852 1489 1007 1567 diligentie
1027 1489 1071 1549 vel

278 1585 345 1644 ideo
358 1586 388 1642 iu
402 1587 459 1642 hoc
471 1586 537 1662 plus
549 1596 604 1656 est,
618 1586 695 1660 quod
709 1586 737 1644 ei
759 1585 812 1644 suit
831 1585 924 1663 magis
944 1585 1073 1643 laboren-

219 1742 222 1755 ,
278 1681 366 1747 dum:
387 1692 415 1740 et
429 1693 568 1756 qnantum
581 1682 774 1740 eminentibus
788 1682 939 1754 vincimur,
953 1683 1073 1740 sortasse

164 1741 710 1869 toreovffipffiffimetpeffiffiffessz
731 1777 829 1836 Ceteri
862 1795 962 1836 ornnes
987 1777 1072 1854 longe

277 1874 438 1946 sequentur.
478 1873 555 1933 Nem
569 1874 670 1934 Macer
678 1885 711 1932 et
721 1875 873 1934 Lucretius
884 1874 998 1950 legendi
1012 1873 1073 1950 qui·

278 1968 354 2040 dem,
367 1969 417 2026 sed
431 1987 489 2028 nou
509 1980 541 2029 ut
576 1971 686 2059 prusiu,
700 1971 728 2028 id
743 1981 796 2044 eet,
812 1989 917 2046 corpus
939 1970 1072 2046 eloquen-

277 2064 326 2123 tie
346 2065 466 2124 facient:
494 2036 762 2144 ele„fflue
791 2068 911 2144 quisque
944 2067 1070 2138 materia,

260 2164 264 2177 ¹
278 2161 328 2220 sed
342 2162 412 2221 ulter
425 2162 550 2236 humilis,
563 2165 633 2222 ulter
645 2163 779 2224 difficilis.
821 2163 965 2222 Atacinus
981 2163 1072 2221 Varro

278 2258 310 2316 iu
333 2258 378 2324 iis,
398 2277 533 2334 perque
552 2278 659 2318 nomeu
685 2270 729 2316 est
756 2269 912 2331 essecutus,
934 2259 1071 2334 interpres

279 2353 374 2427 operis
393 2354 489 2424 alieni,
503 2371 561 2410 uon
581 2355 758 2428 spernendus
778 2354 903 2428 quidem,
918 2375 1016 2414 verum
1037 2355 1072 2412 ed

280 2448 438 2524 eugendum
465 2448 630 2506 fucultatem
657 2449 773 2506 dicendi
800 2469 900 2526 parum
933 2452 1069 2527 locuples.

181 2541 234 2622 ''2-
278 2543 327 2602 88.
347 2542 486 2615 Ennium,
501 2544 578 2601 sicut
591 2562 689 2602 sectos
708 2555 848 2604 vetustate
868 2547 960 2619 lucos,
975 2548 1072 2605 adore·

279 2657 353 2709 mus,
374 2637 404 2695 iu
430 2638 535 2713 quibus
561 2638 682 2715 grandia
701 2650 730 2697 et
751 2640 867 2715 entique
886 2643 990 2700 robora
1013 2642 1071 2717 jum

280 2753 338 2794 uon
352 2745 460 2792 tautam
474 2733 580 2792 habent
594 2735 730 2810 speciem,
745 2747 879 2812 quantem
894 2738 1070 2813 religionem.

279 2831 432 2906 Propiores
452 2831 510 2902 ulii,
530 2842 615 2906 utque
636 2832 673 2890 ud
697 2833 763 2904 hoo,
780 2833 817 2891 de
838 2852 895 2909 quo
918 2832 1071 2906 loquimur,

280 2928 372 3004 magis
384 2928 476 2985 utiles
517 2927 656 2986 Lascivus
671 2929 787 3004 quidem
808 2929 838 2991 iu
859 2928 983 2987 heroicis
1003 2945 1072 3003 quo·

281 3041 337 3098 que
353 3023 487 3096 Ovidius,
500 3033 530 3082 et
542 3023 664 3082 nimium
679 3035 786 3083 ametor
800 3024 910 3103 ingenii
930 3025 992 3084 sui:
1013 3025 1072 3082 lnu-

281 3118 392 3176 dendus
416 3129 513 3178 tumen
538 3121 675 3196 pertibus.
726 3122 773 3180 89.
797 3122 944 3179 Cornelius
978 3133 1070 3179 autern

280 3214 409 3285 Seuerus,
424 3216 535 3274 etiamsi
555 3218 730 3275 versificator
751 3237 835 3292 quern
856 3223 940 3294 poete
960 3205 1069 3284 melior',

226 3310 230 3320 ’
280 3311 424 3386 situmeu,
437 3322 470 3372 ut
488 3322 533 3372 est
551 3313 671 3387 dictum,
686 3313 721 3374 od
742 3314 885 3391 exemplar
904 3314 988 3391 primi
1007 3312 1071 3372 libri
