2675 4009
282 579 335 640 ω
505 586 541 633 Μ.
560 585 630 632 FAB.
650 585 857 642 autumnus

283 737 472 797 dissimulavit
492 736 669 809 adolescens,
690 737 806 796 tertium
830 737 890 814 jam
910 736 986 796 diem
1007 754 1082 811 esse,

281 835 359 910 quod
374 834 451 892 omni
471 833 569 892 labore
589 833 715 892 materiae
737 834 772 892 ad
792 834 976 892 scribendum
997 834 1083 892 desti·
1163 857 1165 862 ’

282 943 357 990 nata
370 949 428 988 uon
441 930 582 988 inveniret
595 931 761 989 exordium:
783 950 840 1006 quo
853 931 908 990 sibi
930 951 989 990 noo
1011 951 1083 1008 prue-

281 1047 348 1086 seus
361 1037 473 1084 tautum
486 1027 578 1098 dolor,
592 1028 643 1084 sed
657 1027 744 1086 etiarn
758 1028 921 1104 desperatio
935 1028 965 1086 in
985 1039 1080 1105 poste·

282 1142 345 1181 rum
365 1123 454 1182 fieret.
495 1123 575 1180 Tum
595 1123 699 1182 Florus
720 1125 857 1198 arridens,
871 1125 1020 1202 Numquid
1037 1134 1081 1198 tu,

281 1220 384 1296 inquit,
397 1220 494 1278 manus
507 1220 599 1280 msere
612 1222 666 1293 cis,
681 1241 766 1299 quam
773 1226 880 1299 potes?
923 1225 968 1282 15.
990 1222 1036 1282 Ita
1049 1241 1082 1282 se

281 1335 328 1376 res
340 1318 433 1376 habet.
476 1317 644 1376 Curandum
658 1329 712 1390 est,
727 1329 856 1394 utquam
877 1321 985 1395 optime
1004 1320 1082 1380 dica·

281 1433 362 1472 mus:
383 1415 539 1474 dicendum
553 1425 648 1473 tamen
661 1435 715 1491 pro
724 1415 867 1474 facultate.
909 1417 957 1474 Ad
971 1418 1082 1494 prosec-

279 1520 341 1569 tum
356 1513 433 1570 enim
447 1531 520 1588 opus
532 1521 577 1568 est
595 1511 701 1582 studio,
715 1530 774 1568 nou
795 1510 1001 1588 indignatione.
1042 1513 1082 1571 Ut

280 1607 422 1682 possimus
430 1617 526 1663 autem
539 1605 667 1663 scribere
681 1605 768 1664 etiam
780 1606 864 1682 plura
877 1606 1010 1678 celerius,
1022 1627 1080 1666 nou

280 1705 443 1762 mesomio
469 1704 557 1760 modo
581 1704 738 1780 prestabit,
763 1705 793 1763 iu
820 1723 877 1780 qua
903 1707 966 1764 siue
992 1706 1081 1768 dubio

281 1801 403 1859 multum
429 1811 482 1872 est,
503 1801 555 1858 sed
581 1801 667 1858 etiam
695 1802 790 1867 ratior
818 1802 842 1859 ai
863 1819 921 1860 non
942 1803 1079 1880 resupini,

281 1911 497 1977 spectantesque
523 1909 642 1971 tectum,
663 1910 692 1958 et
713 1900 917 1977 cogitationem
937 1921 1082 1964 murmure

281 1998 432 2075 agitantes,
460 1998 727 2074 exspectaverimus,
755 1997 823 2073 quid
856 1999 998 2073 obveniet,
1032 2001 1082 2060 ssd

281 2095 350 2170 quid
370 2114 416 2154 res
435 2105 544 2171 poscat,
558 2095 628 2170 quid
648 2113 799 2171 personam
821 2096 932 2169 deceat,
947 2098 1024 2174 quod
1044 2097 1082 2158 sit

280 2202 404 2268 tempus,
419 2192 468 2267 qui
486 2192 593 2269 judicis
607 2193 729 2260 animus,
745 2194 850 2265 intuiti,
866 2194 991 2260 humano
1012 2213 1081 2270 quo·

280 2289 347 2346 dum
374 2289 460 2347 modo
488 2289 522 2346 ad
550 2289 736 2346 scribendum
764 2291 978 2348 accesserimus.
1030 2290 1081 2348 Sic

281 2385 365 2444 nobis
391 2394 421 2440 et
448 2383 539 2455 initia,
566 2394 595 2440 et
621 2384 699 2458 quod
726 2385 863 2458 sequitur,
891 2396 994 2442 natura
1020 2385 1081 2460 ipsa

229 2506 233 2515 ⁴
281 2479 449 2556 praescribit.
492 2479 538 2536 lo
560 2478 648 2536 Certa
675 2490 742 2536 sunt
768 2480 846 2538 enim
873 2481 1018 2556 pleraque,
1040 2491 1079 2550 et,

282 2577 337 2636 uisi
358 2577 572 2648 conniveamus,
593 2576 624 2632 iu
643 2577 745 2634 oculos
765 2577 931 2634 incurrunt:
961 2578 1081 2653 ideoque

282 2694 338 2733 uec
351 2674 461 2732 indocti
475 2691 530 2731 neo
543 2673 645 2731 rustici
659 2673 708 2730 diu
723 2685 864 2748 quaerunt,
879 2675 957 2734 uude
978 2675 1080 2752 incipi·

283 2783 349 2829 ant:
377 2791 435 2847 quo
454 2771 620 2848 pudendum
645 2781 691 2828 est
717 2770 817 2847 magis,
839 2771 863 2828 si
884 2771 1080 2832 difficultatem

282 2867 352 2926 facit
371 2869 510 2926 doctrina.
552 2867 622 2925 Nou
642 2886 712 2944 ergo
731 2885 842 2943 semper
862 2879 995 2944 putemus
1008 2869 1080 2946 opti·

281 2984 360 3024 mum
374 2984 446 3037 esse,
460 2965 538 3040 quod
557 2954 643 3035 latet3
666 2965 899 3023 immutescamus
919 2966 1035 3042 alioqui,
1055 2967 1080 3025 si

281 3062 353 3121 nihii
368 3061 522 3120 dicendum
536 3062 740 3134 rideatur,uisi
751 3061 825 3138 quod
835 3081 894 3120 uon
909 3062 1077 3122 invenimus.

283 3161 329 3218 17.
351 3159 505 3218 Diversum
518 3168 562 3217 est
581 3159 652 3217 huic
672 3177 772 3218 eorum
792 3159 903 3233 vitium,
918 3161 968 3236 qui
988 3161 1080 3238 primo

282 3257 435 3316 decuerere
454 3275 505 3334 per
531 3258 680 3316 materiam
707 3257 773 3316 stilo
793 3277 879 3334 quam
898 3258 1078 3318 velocissimo

281 3356 392 3432 solunt,
405 3366 435 3416 et
453 3365 607 3432 mquentes
625 3357 751 3417 calorem
772 3365 856 3434 atque
876 3357 1023 3434 impetum,
1043 3371 1080 3416 ex
