2675 4009
288 549 330 614 ω
512 562 551 610 m
567 561 637 610 reu.
657 560 863 618 autumnum

288 721 333 770 est
345 709 405 772 tilio
415 711 505 773 filiive
525 711 671 771 sdteeetis
690 710 720 770 in
739 719 861 771 matrem
879 707 1090 788 perurendumt

288 809 456 885 Aliquando
474 820 572 868 temen
591 826 711 868 necesse
725 817 777 881 est,
792 817 825 866 ut
838 807 868 866 in
886 826 973 866 ceusu
986 807 1091 866 Cluen·

288 905 323 965 tii
343 907 461 964 Habiti:
487 906 538 964 sed
557 925 617 964 non
636 923 748 982 semper
768 905 817 964 ills
836 904 892 976 viu,
913 923 969 980 que
989 913 1090 962 eontra

288 1003 414 1060 Sassiam
429 1002 537 1060 Cicero
548 1021 619 1060 usus
632 1012 691 1060 est:
712 1001 853 1076 nunquia
872 1020 931 1059 non
951 1001 999 1060 ille
1018 999 1089 1076 opti·

288 1116 345 1170 me,
360 1099 411 1156 sed
431 1100 500 1174 quia
518 1099 675 1175 plurimum
694 1099 863 1174 refertque
881 1097 912 1156 in
932 1116 963 1156 re
983 1106 1012 1156 et
1031 1113 1089 1172 quo

288 1195 375 1252 modo
401 1195 494 1254 ledat.
540 1198 589 1255 62.
615 1195 717 1271 Itaque
745 1195 803 1266 ille,
832 1211 899 1254 eum
924 1195 976 1254 filii
1003 1203 1088 1270 eaput

286 1291 381 1367 prium
400 1293 591 1370 impugnaret,
606 1294 715 1352 fortiter
736 1291 790 1350 fuit
810 1291 980 1367 repellenda„
1021 1290 1089 1350 Due

285 1398 394 1462 tamen,
409 1409 473 1465 qum
487 1391 549 1448 solu
562 1399 739 1466 supererunt,
753 1389 850 1446 divine
871 1387 977 1446 Cicero
997 1405 1088 1448 serva·

285 1485 333 1544 tit.
375 1485 514 1557 Primum,
534 1503 573 1543 ne
591 1485 806 1544 oblivisceretur
826 1484 1003 1556 reverentie,
1025 1503 1088 1559 que

283 1582 452 1658 parentibus
477 1581 614 1638 debetur:
648 1579 753 1636 deinde
779 1589 820 1650 ut,
848 1579 975 1655 repetitis
1002 1580 1089 1641 altius

284 1677 391 1746 causis,
413 1676 633 1752 diligentissime
652 1675 826 1747 ostenderet,
848 1693 935 1750 quam
955 1674 995 1747 id,
1009 1677 1088 1751 quod

283 1782 345 1830 erat
372 1771 402 1828 in
429 1782 550 1829 matrem
576 1772 718 1844 dicturus,
743 1789 803 1830 non
829 1781 973 1848 oporteret
1000 1773 1086 1832 modo

282 1868 355 1936 fieri,
383 1869 434 1926 sed
459 1869 547 1926 etiem
576 1887 696 1927 neeesse
722 1878 804 1926 esset.
858 1869 906 1926 63.
932 1867 1085 1944 Primaque

283 1964 347 2023 hee
379 1966 519 2042 expositio
553 1966 618 2034 suit,
648 1985 812 2042 quenquam
846 1965 882 2024 sd
914 1975 1084 2041 presentem

282 2063 471 2138 questionem
505 2062 577 2122 nihil
609 2062 788 2138 pertinebat:
818 2061 902 2127 *adeo
935 2061 966 2119 in
999 2081 1084 2120 eausa

282 2160 394 2218 difficili
426 2170 511 2236 etque
541 2160 677 2236 perplexe
710 2159 782 2218 nihil
808 2159 888 2236 prins
914 2157 1083 2218 intuendum
1189 2167 1190 2218 i

283 2257 416 2329 credidit,
438 2277 524 2333 quum
551 2257 621 2332 quid
647 2257 771 2314 deceret.
812 2255 897 2314 Fecit
917 2254 1013 2330 itnque
1032 2273 1083 2314 no-

280 2371 350 2411 men
375 2353 504 2428 parentis
522 2371 581 2410 non
601 2352 662 2410 filio
688 2351 870 2424 invidiosum,
891 2352 941 2410 sed
968 2352 1031 2428 ipsi,
1051 2351 1082 2410 in

282 2465 369 2523 quem
396 2448 554 2505 dioebatur.
601 2446 650 2504 64.
681 2445 780 2504 Potest
807 2457 902 2506 temen
930 2447 1082 2524 aliquando

282 2552 374 2603 muter
393 2554 422 2602 et
441 2543 472 2601 in
492 2562 524 2602 re
542 2543 650 2602 leviore
678 2543 840 2602 autminus
860 2544 962 2604 infeste
982 2555 1082 2606 contre
1189 2529 1190 2544 ³

282 2641 375 2700 filiurn
394 2651 486 2700 stare:
506 2651 568 2698 turn
588 2639 682 2697 lenior
703 2649 787 2714 utque
807 2641 984 2700 summissior
998 2643 1081 2700 deue-

283 2739 326 2797 bit
351 2738 451 2798 oratio.
492 2737 570 2796 Nem
596 2746 627 2795 et
652 2737 864 2810 satisfaciendo,
886 2747 935 2796 sut
954 2749 1080 2798 nostrum

282 2837 446 2896 minuemus
478 2835 625 2906 invidiam,
660 2843 709 2892 rut
741 2833 827 2892 etism
866 2834 896 2894 in
936 2835 1080 2894 diversum

282 2949 348 2991 eum
367 2934 587 2992 transferemus:
614 2931 692 2990 etsi
718 2931 839 3008 graviter
866 2931 962 2990 dolere
988 2932 1079 2991 filium

282 3030 376 3106 prium
389 3030 484 3101 fuerit,
498 3030 630 3088 credetur
651 3029 751 3086 abesse
771 3029 806 3086 ab
825 3047 861 3086 eo
881 3029 1005 3105 eulpam,
1019 3029 1080 3088 fiet·

280 3141 339 3202 que
364 3126 442 3184 ultro
464 3125 643 3184 miserabilis
683 3126 731 3184 65.
752 3125 890 3184 Avertere
912 3144 1027 3202 quoque
1046 3126 1077 3184 in

283 3222 355 3279 eiius
374 3221 484 3278 crimen
503 3221 598 3292 deret,
611 3231 645 3279 ut
663 3220 763 3280 frende
784 3221 942 3297 sliquorum
961 3222 1077 3280 noneitu

281 3318 432 3378 credatu:
459 3325 490 3376 et
513 3316 612 3378 omnir
637 3335 692 3378 nos
715 3335 859 3396 passuros,
878 3317 949 3378 nihil
976 3335 1077 3398 aspere
