2675 4009
445 604 685 657 memorandos.
705 607 766 654 un.
785 607 828 654 xr.
847 607 869 654 a.
999 597 1057 658 10}

259 757 322 818 dies
341 758 495 816 scribimus
513 757 661 817 ediscendi
681 776 778 830 causa,
790 755 974 835 'cogitatione
994 755 1055 833 ipsa

260 857 415 914 contineat.

300 954 345 1010 ll.
374 953 476 1010 Artem
490 960 585 1008 autem
602 951 747 1009 memoria
767 951 876 1027 primus
897 949 1055 1008 ostendisse

259 1048 365 1106 dicitur
378 1047 560 1105 Simonides:
581 1048 665 1123 cujus
677 1048 792 1124 vulgata
806 1047 901 1104 sabula
921 1057 973 1118 est,
988 1063 1055 1104 cum

258 1144 352 1220 pugili
364 1153 502 1200 coronato
515 1161 640 1214 carmen,
654 1143 739 1217 quale
753 1144 885 1218 componi
900 1142 1055 1200 victoribus

259 1241 342 1310 solet,
369 1238 501 1297 mercede
526 1249 611 1314 pacta
637 1239 805 1314 scripsisset,
833 1240 999 1315 abnegatam
1027 1239 1055 1296 ei

259 1335 390 1411 pecunie
402 1345 521 1410 partem,
536 1335 614 1410 quod
626 1353 705 1392 more
718 1335 813 1410 poetis
825 1335 1055 1408 frequentissimo

259 1432 404 1508 digressus
418 1431 448 1488 in
468 1432 568 1489 laudes
587 1431 716 1489 Castoris
737 1450 771 1488 ac
791 1430 919 1488 Pollucis
938 1431 1054 1487 exierat.

258 1527 443 1604 Quapropter
469 1537 578 1604 partem
599 1529 636 1585 ab
655 1528 691 1585 iis
710 1538 817 1604 petere,
838 1543 959 1602 quorum
980 1527 1056 1584 sacta

257 1625 439 1696 celebrasset,
451 1624 611 1700 jubebatur.
652 1623 690 1681 Et
703 1624 907 1700 persolverunt,
921 1633 953 1680 ut
972 1623 1057 1680 tradi-

258 1731 319 1778 tum
333 1731 384 1780 est.
427 1723 472 1779 12.
493 1720 571 1778 Nam
584 1740 652 1778 cum
672 1731 746 1778 esset
766 1721 874 1798 grande
894 1720 1055 1777 convivium

258 1817 441 1875 inhonorem
461 1818 588 1894 ejusdem
608 1817 746 1888 victorie,
761 1827 845 1892 atque
867 1815 1009 1874 adlhbitus
1029 1816 1056 1874 ei

259 1933 349 1972 otene
370 1915 545 1984 Simonides,
565 1914 668 1970 nuntio
688 1923 732 1971 est
753 1915 872 1985 excitus,
894 1915 970 1989 quod
990 1931 1057 1971 eum

259 2011 319 2067 doo
342 2010 471 2086 juvenes,
492 2009 573 2083 equis
599 2010 719 2080 advecti,
740 2009 901 2067 desiderare
921 2009 1057 2085 majorem

260 2106 291 2164 iu
318 2106 435 2164 modum
461 2105 639 2162 dicebantur.
694 2104 733 2161 Et
759 2104 823 2161 illos
850 2105 964 2178 quidem
997 2123 1056 2162 non

261 2202 380 2273 invenit,
401 2201 489 2259 fuisse
508 2211 603 2258 tamen
623 2209 719 2276 gratos
739 2218 808 2276 erga
827 2218 858 2256 se
884 2201 953 2257 deos
979 2201 1057 2257 exitu

262 2298 408 2374 comperit.
451 2298 495 2354 13.
517 2295 595 2354 Nam
614 2297 661 2354 vix
681 2314 716 2354 eo
729 2296 817 2354 limen
831 2315 955 2374 egresso,
970 2296 1058 2354 tricli-

259 2396 340 2454 nium
355 2394 425 2452 illud
439 2412 524 2469 supra
537 2393 672 2450 convivas
692 2392 809 2460 corruit,
826 2403 910 2468 atque
930 2393 970 2450 ita
989 2411 1057 2451 con·

260 2493 343 2563 fudit,
358 2502 390 2548 ut
402 2510 461 2548 non
474 2509 524 2548 ora
537 2490 623 2547 modo
636 2508 845 2565 oppressorum,
860 2490 910 2548 sed
930 2492 1057 2549 membra

260 2589 347 2646 etiam
361 2588 458 2644 omnia
470 2587 648 2661 requirentes
662 2586 697 2642 ad
712 2587 885 2661 sepulturam
905 2587 1055 2662 propinqui

261 2683 340 2742 nulla
359 2694 428 2740 nota
445 2693 562 2758 possent
581 2683 752 2740 disseruere.
794 2682 872 2739 Tum
894 2682 1056 2739 Simonides

262 2779 368 2836 dicitur
394 2798 502 2836 memor
528 2780 629 2837 ordine
655 2797 713 2854 quo
733 2778 853 2853 quisque
873 2777 1056 2836 discubuerat

264 2894 384 2952 corpora
409 2877 469 2936 suis
489 2878 655 2936 reddidisse.
698 2878 743 2934 14.
765 2877 818 2934 Est
839 2886 932 2934 autem
952 2895 1056 2954 magna

263 2975 338 3032 inter
359 2984 489 3032 auctores
509 2975 657 3047 dissensio,
680 2975 830 3032 Glaucone
844 2973 997 3048 Carystio,
1020 2993 1055 3032 an

263 3070 407 3141 Leocrati,
422 3090 458 3128 an
478 3070 673 3147 Agatharcho,
690 3091 724 3129 an
746 3071 848 3146 Scope
869 3069 1004 3146 scriptum
1019 3070 1055 3128 sit

263 3167 293 3225 id
308 3185 438 3225 carmen:
459 3177 488 3225 et
500 3167 629 3224 Pharsali
642 3168 729 3225 fuerit
743 3168 805 3224 haeo
818 3167 928 3238 domus,
943 3177 975 3224 ut
996 3167 1056 3241 ipse

264 3264 387 3340 quodam
399 3264 465 3322 loco
477 3264 640 3340 significare
653 3265 817 3322 Simonides
836 3264 956 3334 videtur,
972 3272 1056 3336 atque

265 3360 458 3438 Apollodorus
476 3371 506 3420 et
519 3360 724 3420 Eratosthenes
737 3371 766 3420 et
779 3359 946 3439 Euphorion
960 3368 989 3418 et
1003 3357 1057 3418 La·

499 3458 547 3518 9·
