2675 4009
284 611 325 671 20
377 628 379 631 '
505 619 541 666 M.
560 620 629 666 Fau.
649 617 855 676 sturmium

285 769 393 847 ingenii
407 771 524 828 modum
537 769 673 828 excedit?
693 781 725 827 ut
735 769 832 846 magni
843 769 879 827 sit
887 768 950 842 viri,
959 769 1079 826 virtutes

284 866 345 942 ejus
364 885 423 924 non
443 867 633 938 emulatione,
654 866 731 942 quod
751 867 812 924 fieri
832 885 891 924 non
910 876 1013 942 potest,
1028 866 1079 924 sed

283 963 432 1020 intellectu
459 963 548 1038 sequi.
601 965 649 1021 51.
679 963 787 1021 Verum
814 963 863 1020 hic
890 975 989 1020 omnes
1016 963 1078 1020 sine

177 1048 183 1055 ”
283 1057 381 1130 dubio,
401 1069 430 1117 et
457 1079 487 1116 in
514 1060 593 1116 omni
619 1077 725 1136 genere
751 1059 920 1134 eloquentiae
940 1060 1040 1133 procul
1062 1077 1079 1115 a

283 1173 314 1212 se
341 1156 473 1230 reliquit3
502 1156 599 1231 epicos
625 1165 722 1213 tamen
748 1155 910 1231 precipue:
943 1155 1078 1212 videlicet

283 1251 351 1326 quia
370 1251 529 1310 clarissima
545 1253 577 1311 in
597 1253 716 1321 materia
736 1251 822 1308 simili
837 1251 1012 1326 comparatio
1025 1261 1076 1308 est.

281 1348 329 1404 52.
351 1347 432 1404 Raro
446 1349 568 1425 assurgit
582 1349 737 1419 Hesiodus,
752 1365 912 1424 magnaque
931 1365 997 1422 pars
1017 1346 1077 1423 ejus

282 1443 311 1500 in
339 1445 502 1502 nominibus
529 1455 572 1502 est
592 1454 751 1519 occupata;
779 1453 875 1500 tamen
895 1444 979 1500 utiles
1000 1444 1078 1500 circa

279 1541 593 1616 praecepta'sententiae,
607 1540 764 1614 levitasque
784 1539 934 1596 verborum
954 1549 982 1596 et
1002 1557 1079 1596 oom-

280 1636 430 1710 positionis
452 1636 625 1711 probabilis:
654 1636 794 1710 daturque
814 1635 842 1693 ei
863 1636 958 1711 palma
977 1635 1008 1692 in
1028 1635 1079 1692 iilo

282 1731 378 1788 medio
391 1751 497 1808 genere
511 1732 635 1790 dicendi.
677 1733 725 1790 53.
747 1731 856 1789 Contra
869 1732 899 1789 in
908 1732 1079 1789 Antimacho

281 1827 323 1884 vis
334 1837 363 1884 et
372 1828 506 1904 gravitas,
515 1839 545 1886 et
557 1829 676 1886 minime
690 1829 806 1906 vulgare
820 1827 973 1903 eloquendi
987 1845 1078 1904 genus

281 1923 368 1980 habet
387 1923 509 1982 laudem.
552 1924 611 1982 Sed
638 1925 768 2000 quamvis
795 1925 822 1982 ei
850 1923 991 1982 secundas
1018 1923 1078 1980 fere

281 2019 541 2078 Grammaticorum
555 2040 712 2079 consensus
726 2022 850 2092 deserat3
872 2030 901 2078 et
917 2017 1075 2090 affectibus,

280 2127 309 2175 et
332 2118 523 2194 jucunditate,
545 2129 574 2177 et
600 2118 796 2195 dispositione,
817 2128 846 2176 et
873 2117 992 2175 omnino
1018 2127 1078 2174 arte

280 2214 421 2286 deficitur,
435 2226 467 2272 ut
479 2216 565 2291 plane
585 2216 737 2273 manifesto
758 2224 900 2291 appareat,
916 2223 1022 2288 quanto
1042 2213 1078 2270 sit

281 2310 358 2366 aliud
366 2310 527 2384 proximum
538 2329 610 2379 esse,
620 2310 697 2367 aliud
706 2311 873 2367 secuudum.
913 2311 960 2367 54.
975 2309 1078 2385 Pany-

281 2405 345 2461 asin
360 2422 395 2460 ex
407 2413 529 2478 utroque
542 2405 662 2461 mixtum
675 2414 777 2480 putant
787 2405 817 2461 in
828 2404 999 2480 eloquendo,
1011 2423 1079 2462 neu·
1114 2481 1137 2488 ω
1188 2471 1190 2480 A

281 2499 409 2574 triusque
429 2518 542 2574 equare
561 2499 697 2558 virtutes:
727 2500 847 2558 alterurn
867 2510 963 2560 tamen
985 2503 1020 2559 ab
1040 2517 1075 2562 eo

281 2595 410 2668 materia,
439 2595 559 2653 aiterum
592 2595 762 2672 disponendi
795 2597 906 2655 ratione
939 2597 1076 2673 superari.
1115 2623 1117 2627 ·

209 2743 218 2759 „
238 2691 265 2760 'w‘
281 2690 451 2768 Apollonius
465 2691 495 2749 in
510 2692 641 2750 ordinem
655 2711 673 2750 a
685 2694 880 2770 grammaticis
900 2694 997 2751 datum
1019 2713 1077 2750 non

281 2789 369 2859 venit,
384 2789 452 2864 quia
471 2789 655 2847 Aristarchus
676 2800 761 2865 utque
775 2791 992 2866 Aristophanes,
1008 2794 1077 2864 po‘e'·
1166 2788 1190 2848 T:

280 2893 374 2941 tarum
385 2884 508 2961 Judices,
518 2886 664 2943 neminem
675 2886 719 2944 sui
732 2886 868 2962 temporis
882 2886 912 2942 in
926 2903 1076 2942 numerum

281 2980 469 3057 redegerunt:
502 2999 561 3038 nou
588 2991 684 3038 tamen
711 2980 953 3040 contemnendum
987 2981 1076 3038 edidit

281 3095 353 3152 opus
380 3078 482 3152 equali
509 3078 632 3153 quadam
658 3065 896 3142 mediocritate&
914 3078 962 3134 55.
984 3078 1076 3136 Arati

282 3173 401 3230 materia
426 3184 507 3231 motu
533 3183 622 3243 caret,
642 3183 675 3230 ut
701 3173 731 3230 in
759 3193 815 3249 qua
840 3173 919 3230 nulla
944 3175 1075 3245 varietas,

282 3269 377 3328 nullus
398 3270 526 3340 affectus,
546 3269 626 3326 nulla
650 3287 782 3345 persona,
803 3270 882 3328 nulla
909 3271 1075 3346 cujusquam

281 3366 319 3424 sit
345 3366 454 3426 oratio:
481 3365 587 3424 sufficit
612 3374 709 3424 tamen
736 3367 826 3442 operi,
848 3367 896 3425 cui
923 3385 953 3424 se
978 3382 1076 3441 parem
