2675 4009
279 583 320 644 98
502 593 539 640 Μ.
559 593 629 640 sas.
651 592 858 649 culminum

280 742 374 821 Cujus
385 744 429 803 rei
448 743 610 802 observatio
627 743 740 820 judicio
760 744 852 822 magis
871 743 996 820 quodam
1016 761 1082 802 seu·

279 840 337 912 tiri,
352 861 438 916 quam
451 841 601 917 preceptis
614 841 689 898 tradi
702 851 803 916 potest.
845 841 996 903 Quantum
1010 840 1082 898 satis

280 937 327 1010 sit,
341 949 371 996 et
383 949 522 1013 quantum
535 938 676 1014 recipiant
690 955 781 996 aures.
822 938 852 996 N
854 957 892 996 ou
913 938 998 997 habet
1017 938 1082 996 haic

279 1052 327 1091 res
341 1053 503 1092 mensurum
516 1044 546 1092 et
565 1035 647 1110 quasi
667 1035 790 1111 pondus,
805 1035 873 1110 quia
894 1046 925 1093 ut
944 1035 975 1092 iu
996 1034 1080 1105 cibis,

281 1129 337 1188 alia
350 1131 413 1188 aliis
426 1131 519 1209 magis
532 1133 685 1209 complent.

287 1265 291 1272 ·
318 1229 367 1285 92.
395 1229 602 1306 Adjicieudum
616 1231 704 1288 etiam
724 1231 847 1288 breviter
867 1230 988 1297 videtur,
1004 1226 1081 1304 quod

280 1323 340 1382 lese
352 1324 469 1384 dicendi
482 1327 602 1386 virtutes
614 1328 813 1386 diversissimae
828 1345 885 1384 nou
900 1329 992 1385 solum
1013 1345 1082 1384 suos

280 1432 423 1481 amatores
436 1423 570 1496 habeant,
585 1425 635 1482 ced
650 1425 687 1482 ab
701 1424 809 1482 eisdem
823 1443 898 1498 saepe
918 1424 1079 1482 laudentur.

279 1518 358 1577 Nam
371 1521 478 1578 Cicero
491 1522 614 1596 quodam
628 1521 695 1578 loco
708 1519 817 1591 scribit,
825 1520 858 1576 id
868 1539 925 1578 esse
938 1523 1082 1596 optimum,

280 1617 356 1693 quod
367 1625 468 1673 comte
478 1615 575 1691 focile
589 1616 741 1674 credideris
763 1617 892 1692 consequi
911 1617 1084 1690 imitatione,

279 1731 335 1768 aon
343 1713 446 1788 possis.
488 1712 557 1768 Alio
571 1730 649 1784 vero,
662 1732 718 1770 nm
732 1713 765 1770 id
777 1714 877 1788 egisse,
891 1721 924 1771 ot
944 1713 989 1770 ito
1008 1713 1084 1773 dice-

279 1819 333 1881 ret,
347 1811 480 1887 quoooodo
492 1831 522 1869 se
534 1812 654 1888 quilibet
668 1832 752 1889 posse
772 1813 932 1890 confideret,
947 1812 997 1871 secl
1015 1833 1083 1890 quo-

278 1908 358 1966 modo
382 1928 467 1966 oeno.
508 1910 555 1968 98.
576 1910 668 1972 Quod
694 1920 787 1986 potest
807 1929 935 1988 pugnare
956 1911 1029 1969 iuter
1049 1929 1080 1969 sc

279 2004 379 2063 videri.
420 2007 530 2064 Verum
557 2016 722 2082 utrumque,
745 2026 780 2064 ac
805 2007 918 2079 merito,
939 2007 1078 2065 laudatur.

279 2103 440 2160 Causarum
467 2104 546 2162 euim
572 2105 659 2162 modo
685 2105 789 2163 distat:
818 2105 886 2180 quia
912 2104 1079 2181 simplicitas

280 2200 338 2273 illa,
353 2211 383 2259 ct
402 2202 479 2259 velut
499 2202 638 2260 securitas
658 2203 828 2260 inaffectatae
849 2202 994 2274 orationis,
1009 2201 1080 2260 mire
1189 2237 1190 2255 i

279 2308 382 2355 tenues
402 2317 504 2356 causas
523 2300 617 2369 decet,
638 2299 795 2375 majoribus
815 2299 886 2356 illud
914 2299 1079 2356 admirabile

280 2390 397 2452 dicendi
410 2412 503 2469 genus
515 2395 607 2470 magis
628 2395 773 2452 convenit.
814 2393 850 2452 Iu
870 2407 991 2472 utroque
1011 2395 1079 2453 emi·

279 2499 329 2547 net
343 2489 467 2546 Cicero:
488 2492 641 2564 exquibus
662 2491 781 2548 alterum
802 2491 926 2567 imperiti
946 2512 977 2550 se
996 2511 1079 2569 posse

280 2585 418 2661 consequi
432 2585 565 2653 credeut3
586 2597 731 2658 neutrum,
746 2587 795 2662 qui
810 2588 980 2666 intelligunt.

319 2780 357 2839 11.
385 2781 551 2840 Memoriam
564 2782 681 2858 quidam
702 2793 810 2842 naturae
831 2784 917 2842 modo
936 2803 999 2844 esse
1020 2803 1078 2842 mu·

280 2899 336 2937 uus
350 2881 593 2953 existimaverunt,
608 2891 708 2957 estque
723 2882 752 2940 in
767 2902 801 2940 ea
814 2903 872 2942 nou
886 2885 973 2942 dubie
993 2884 1078 2961 pluri·

279 2995 375 3046 mum;
410 2979 460 3035 sed
492 2978 556 3054 ipsa
586 2979 755 3051 excolendo,
782 2981 857 3038 sicut
891 2981 946 3038 alia
972 2981 1077 3052 omnia,

281 3083 417 3150 augetur:
438 3085 468 3132 et
487 3085 574 3142 totus,
588 3076 626 3133 de
644 3095 702 3151 quo
723 3077 847 3134 diximus
868 3079 970 3150 adhuc,
986 3078 1078 3136 inanis

280 3176 324 3224 est
350 3167 440 3238 labor,
460 3169 517 3226 uisi
543 3179 647 3228 cetere
672 3181 767 3246 partes
794 3172 849 3229 hoc
876 3172 952 3230 velut
978 3173 1077 3250 spiritu

281 3266 472 3324 continentur.
514 3267 592 3324 Nam
605 3279 635 3326 et
654 3271 749 3328 omnis
770 3271 920 3346 disciplina
940 3271 1077 3329 memoria

281 3373 402 3438 mussat,
423 3363 583 3455 studiaque
609 3366 757 3442 docemur,
779 3367 814 3441 si,
835 3368 973 3445 quidquid
1001 3368 1078 3427 audi·
