2675 4009
460 611 544 659 nun
562 609 701 660 unsrun
720 609 783 658 run.
801 611 832 657 x.
853 611 873 656 1.
1029 603 1067 661 17

269 761 332 820 siet
343 761 418 835 iilos,
430 772 460 820 et
473 762 524 838 qui
536 773 636 838 postea
649 763 774 833 suerunt,
784 772 813 820 et
825 763 946 821 Graeeos
956 779 1065 834 omnes,

269 870 299 917 et
323 859 527 936 philosophost
580 860 627 918 39.
657 859 726 918 Fuit
754 860 841 938 igitur
869 859 991 918 brevitas
1018 861 1067 918 illu

268 958 420 1028 tutissima,
435 977 500 1032 quar
514 957 588 1032 epud
603 957 717 1016 Livium
733 958 762 1016 in
777 958 899 1034 epistola
920 958 955 1015 ad
974 957 1067 1015 filium

268 1055 385 1130 scripta,
400 1054 530 1130 legendos
551 1053 762 1113 Demosthenem
782 1063 867 1132 atque
890 1055 1067 1113 einnonem.-

269 1140 396 1222 tum't'tn,
409 1159 443 1207 ut
456 1152 574 1226 quisque
593 1159 663 1208 esset
684 1151 868 1210 Demostheni
888 1162 915 1211 et
937 1152 1068 1211 OEcmont'

269 1250 436 1308 simillimus.
490 1250 537 1307 40.
572 1249 643 1307 Non
669 1261 713 1308 est
739 1261 834 1308 tamen
861 1251 1068 1309 dissimulanda

270 1347 361 1405 nostri
387 1365 500 1422 quoque
523 1347 626 1424 judieii
652 1363 773 1405 summa.
827 1347 940 1405 Paucos
967 1360 995 1406 et
1020 1349 1068 1405 vix
1136 1369 1141 1378 ·

270 1443 360 1501 ullum
375 1463 410 1502 ex
423 1445 477 1516 his,
488 1445 538 1520 qui
551 1455 722 1502 vetustatem
737 1445 924 1521 pertulerunt,
936 1445 1067 1502 existimo

269 1559 353 1618 posse
366 1543 494 1618 reperiri,
509 1542 578 1617 quin
596 1542 740 1618 judicium
756 1542 956 1600 adhibentibus
971 1543 1068 1599 allatu-

269 1657 319 1696 rus
338 1640 375 1696 sit
395 1639 527 1697 utilitatis
547 1639 664 1714 aliquid,
689 1659 754 1697 oum
776 1659 807 1698 se
828 1639 934 1698 Cicero
956 1640 990 1696 ab
1011 1638 1068 1696 iliis

270 1750 384 1813 quoque
411 1737 610 1795 vetustissimis
631 1739 806 1810 auctoribus,
828 1738 986 1815 ingeniosis
1007 1736 1068 1812 qui-

270 1835 346 1905 dem,
376 1835 426 1892 sed
461 1845 521 1892 arte
555 1836 730 1908 carentibus,
759 1836 913 1911 plurimum
948 1835 1067 1892 fateatur

271 1931 407 2007 adjutum.
448 1933 496 1989 41.
518 1921 583 1990 Neo
597 1933 689 1990 multo
710 1933 787 1991 aliud
808 1933 843 1991 de
863 1933 945 1990 novis
966 1932 1066 1990 sentio.

269 2027 388 2088 Quotus
427 2029 505 2086 enim
544 2030 665 2104 quisque
704 2031 826 2087 inveniri
859 2042 917 2087 tam
951 2030 1068 2086 demens

269 2134 374 2200 potest,
403 2124 452 2198 qui
479 2143 516 2180 ne
542 2125 662 2180 minima
694 2126 810 2199 quidem
844 2125 964 2200 elieujus
991 2133 1069 2180 certe

270 2219 378 2277 fiducia
396 2221 485 2295 partis
504 2219 672 2276 memoriam
697 2220 869 2295 posteritatis
896 2219 1069 2296 speraverit?

271 2316 320 2392 qui
353 2316 378 2374 si
411 2315 475 2391 quis
508 2326 561 2388 est,
596 2316 670 2373 intra
702 2317 810 2393 primos
843 2317 937 2376 statim
972 2335 1069 2374 versus

271 2413 507 2490 deprehendetur,
529 2424 558 2471 et
585 2413 672 2471 eitius
698 2435 751 2472 nos
771 2415 910 2487 demittet,
932 2434 1017 2490 quam
1038 2423 1070 2472 ut

271 2512 332 2589 ejus
358 2512 441 2569 nobis
467 2531 573 2589 magno
598 2513 735 2588 temporis
762 2513 934 2571 detrimento
958 2522 1071 2570 constet

271 2610 505 2685 experimentum.
546 2609 593 2666 42.
616 2609 675 2666 Sed
701 2627 760 2667 non
794 2609 931 2685 quidquid
959 2609 993 2667 ad
1022 2609 1071 2666 uli·

272 2725 357 2782 quam
370 2716 480 2782 partem
501 2706 628 2763 scientiae
647 2706 781 2782 pertinet,
797 2707 925 2782 protinus
948 2707 982 2764 ud
1003 2705 1071 2764 faoi·

272 2804 376 2861 endam
390 2803 477 2861 etiam
491 2805 607 2876 φράσιν,
622 2804 658 2860 de
672 2823 728 2879 qua
741 2785 894 2879 loquimur,
911 2823 1071 2861 accommo-

273 2899 378 2957 datum.

313 2997 422 3054 Verum
437 3008 588 3073 antequam
609 2998 645 3055 de
664 2997 785 3074 singulis
805 2998 914 3072 loquar,
928 3017 1021 3074 pauca
1040 2997 1071 3056 in

274 3093 439 3151 universum
452 3093 489 3152 de
509 3095 644 3152 varietate
664 3095 833 3170 opinionum
853 3094 976 3152 dicenda
996 3103 1069 3152 sunt.

274 3176 321 3248 43.
344 3189 422 3247 Nam
444 3191 559 3266 quidam
580 3193 655 3249 solos
675 3201 783 3249 veteres
803 3191 940 3269 legendos
960 3201 1070 3269 putant,

275 3307 369 3365 neque
390 3288 419 3345 in
440 3288 505 3344 ullis
526 3288 588 3345 aliis
609 3307 671 3346 esse
692 3289 849 3346 naturalem
869 3288 1070 3364 eloquentiam,

275 3396 305 3445 et
324 3386 411 3445 robur
431 3384 499 3443 viris
519 3384 649 3463 dignum,
671 3385 859 3446 arbitrantur:
880 3385 950 3445 alios
970 3401 1072 3444 reeens

513 3479 562 3541 2·
700 3483 702 3486 ’
