2675 4009
485 615 568 662 msr.
587 613 725 662 oneror.
744 613 806 662 nm.
826 614 857 662 x.
876 615 898 660 ฮน
1047 605 1088 666 65

295 760 378 820 tibur
403 781 466 822 eme
490 763 643 824 sublatum.
683 763 730 824 33.
752 763 848 822 Debet
873 780 975 822 vaorre
1001 763 1088 823 etiam

294 855 387 931 loeus,
407 859 438 918 in
457 880 515 936 quo
534 870 679 932 notentur,
700 880 763 936 qum
784 860 975 920 scribentibus
995 858 1088 916 solent

236 972 239 980 ยน
292 965 375 1014 extra
386 957 526 1029 ordinem,
541 957 571 1014 id
584 967 637 1028 est,
651 976 687 1015 ex
708 958 779 1029 aliis,
794 976 880 1033 quum
901 956 950 1032 qui
971 965 1038 1014 eunt
1057 955 1088 1012 in

293 1055 426 1112 munibus
438 1055 506 1122 loei,
516 1073 676 1114 oeeurrere.
718 1055 881 1132 Irrumpent
894 1055 972 1114 enim
986 1053 1089 1130 optimi

294 1167 500 1225 nonnunquam
513 1169 623 1223 sensus,
634 1169 707 1226 quos
721 1171 814 1227 neque
828 1153 953 1210 inserere
966 1159 1088 1228 oportet,

292 1264 389 1322 neque
400 1247 515 1326 differre
528 1257 620 1304 tutum
635 1257 695 1306 est:
717 1247 785 1322 quin
798 1248 913 1322 interim
925 1248 1088 1315 elabuntur,

292 1342 410 1400 interim
422 1344 568 1402 memorie
580 1364 640 1402 rue
652 1345 788 1416 intentos,
804 1345 839 1402 ab
854 1345 909 1402 eliu
922 1345 1088 1402 inventione

290 1441 454 1501 declinent:
474 1443 597 1521 ideoque
610 1444 718 1520 optime
732 1443 843 1502 suntin
857 1443 995 1518 deposito.

332 1635 384 1696 IV.
412 1638 549 1713 Sequitur
561 1638 724 1710 emendatio,
739 1657 804 1714 pure
824 1636 984 1696 studiorum
1003 1636 1089 1714 longe

292 1734 451 1792 utilissime
492 1734 596 1811 Neque
609 1736 688 1794 enim
702 1735 765 1794 sine
779 1754 867 1793 eausa
880 1735 1020 1792 creditum
1035 1745 1088 1806 est,

291 1831 390 1890 stilum
403 1849 462 1888 non
475 1830 571 1890 minus
581 1851 675 1909 agere,
687 1851 754 1890 curn
764 1832 848 1891 delet.
889 1830 984 1908 Hujus
995 1841 1089 1891 autern

292 1928 388 2003 operis
400 1937 452 1999 est,
467 1927 598 2002 afficere,
612 1928 767 2000 detrahere,
781 1936 897 1986 mutare.

334 2024 393 2080 Sed
407 2023 519 2080 facilius
532 2024 562 2080 in
576 2024 612 2080 iis
624 2023 839 2099 simpliciusque
857 2023 1009 2098 judicium,
1025 2043 1088 2099 qum

293 2118 429 2194 replenda
448 2118 492 2175 vel
518 2118 681 2193 dejicienda
701 2127 782 2176 sunt:
808 2136 938 2193 premere
959 2137 1026 2174 uero
1046 2129 1089 2176 tu-

294 2215 411 2288 mentia,
425 2214 545 2272 humilia
563 2214 714 2286 extollere,
728 2213 902 2272 luxuriantia
923 2214 1088 2291 astringere,

292 2312 455 2372 inordinate
474 2311 614 2390 digerere,
635 2311 730 2370 soluta
756 2328 939 2387 componere,
961 2311 1089 2371 exultau-

292 2411 335 2470 tit
359 2413 506 2481 euertere,
525 2408 649 2485 duplicis
675 2427 777 2485 operm.
817 2407 845 2466 2.
866 2407 896 2466 N
899 2427 943 2466 nur
963 2417 992 2466 et
1011 2407 1089 2468 dum-

292 2507 388 2566 nnndn
400 2517 477 2579 sunt,
491 2525 555 2581 qum
574 2505 757 2582 pleeuernnt3
778 2514 809 2563 et
829 2504 1009 2578 inveniende,
1024 2523 1087 2581 qute

294 2605 433 2682 fugerant.
474 2601 541 2660 Nee
553 2602 674 2660 dubium
688 2611 742 2674 est,
756 2601 896 2678 optimum
910 2620 973 2660 esee
992 2621 1088 2662 emen-

293 2700 381 2758 dandi
391 2717 492 2778 genus,
500 2699 526 2756 si
538 2699 645 2776 scripta
655 2697 686 2755 in
695 2697 809 2773 aliquod
823 2707 935 2774 tempus
948 2716 1088 2774 reponun-

293 2804 350 2868 tur,
363 2806 396 2853 ut
416 2796 453 2854 ad
471 2813 507 2852 ea
524 2805 589 2872 poet
608 2794 797 2866 intervallum,
812 2793 890 2852 velut
908 2811 982 2852 nova
1002 2802 1087 2868 utque

295 2891 397 2964 aliena,
406 2892 565 2963 redeamus,
575 2909 614 2950 ne
625 2890 710 2948 nobis
721 2890 827 2966 scriptu
837 2899 943 2962 nostru,
951 2899 1087 2966 tanquam

294 2997 424 3045 retentes
437 2988 520 3056 setus,
534 2987 722 3046 blandiantur.

269 3071 361 3139 4ยน63,
389 3083 448 3140 Sed
460 3102 553 3160 neque
566 3083 622 3142 hoo
641 3084 810 3162 contingere
838 3101 949 3162 semper
977 3094 1080 3161 potest,

293 3179 449 3256 presertim
462 3180 578 3252 oratori,
592 3180 641 3240 eui
653 3181 758 3258 sepius
771 3180 897 3240 ruribere
912 3180 948 3240 ud
960 3197 1084 3258 presen-

293 3285 339 3335 tes
351 3294 421 3334 usus
432 3294 550 3335 neeesse
563 3285 621 3336 est:
642 3286 672 3336 et
684 3277 847 3338 emendatio
866 3278 952 3336 finem
972 3277 1084 3336 habent.

294 3375 372 3438 Sunt
383 3372 462 3436 enim
473 3373 525 3453 qui
536 3372 573 3436 ml
585 3373 684 3440 omnia
695 3371 811 3458 scripu.
824 3386 960 3456 unquam
972 3373 1084 3451 vitiosi,
