2675 4009
447 585 530 636 msa.
549 585 687 636 oaaaora
707 586 768 634 nra.
788 585 831 634 xr.
855 587 875 633 1.
1023 575 1064 636 80

263 733 405 811 displicet,
419 735 479 796 Dii
491 738 565 811 boni,
579 738 661 798 vico:
681 745 719 810 et,
733 757 789 815 qao
801 757 842 796 rae
861 735 953 794 ninere
964 732 1062 810 javat,

262 830 450 908 Asprmotem
475 854 552 893 reum
577 835 665 892 video.
720 833 790 892 Non
817 834 895 892 enim
925 832 1002 908 justa
1028 849 1064 890 ex

262 947 354 988 causa
366 931 411 988 vel
427 931 592 989 necessaria
604 931 695 989 rideri
707 941 801 1007 potest
813 930 972 1007 postulasse
985 947 1062 1000 eum,

262 1025 314 1084 sed
340 1027 462 1102 quadam
490 1027 645 1086 accusandi
672 1028 824 1103 voluptate.
877 1026 925 1084 58.
955 1024 1063 1084 Praeter

262 1119 319 1178 boc
332 1131 439 1193 tamen,
454 1121 532 1196 quod
544 1132 589 1180 est
601 1140 765 1192 commune,
779 1121 922 1198 propriam
937 1121 1064 1180 modera-

261 1215 371 1274 tionem
397 1217 528 1291 quaedam
554 1235 648 1276 causae
668 1218 839 1276 desiderant.
880 1217 1064 1294 Quapropter

261 1321 292 1370 et
319 1312 369 1385 qui
396 1313 573 1370 curationem
607 1315 749 1372 bonorum
781 1314 870 1388 patris
896 1313 1062 1389 postulabit,

262 1407 358 1466 doleat
377 1409 439 1486 ejus
458 1411 639 1470 valetudine:
660 1421 690 1469 et
710 1410 867 1486 quamlibet
887 1408 984 1486 gravia
1003 1409 1064 1468 filio

261 1515 342 1581 pater
362 1507 538 1584 objecturus,
558 1509 750 1566 miserrimam
771 1507 826 1566 sibi
847 1507 980 1564 ostendat
999 1523 1063 1565 esse

216 1649 220 1656 .
261 1601 337 1660 hanc
350 1602 443 1679 ipsam
457 1606 679 1664 necessitatem:
701 1623 757 1662 nec
778 1604 834 1662 hoo
854 1603 955 1680 paucis
975 1601 1062 1660 modo

260 1702 365 1774 verbis,
386 1703 437 1761 sed
456 1713 519 1762 toto
540 1703 791 1775 commeationis,
813 1713 845 1760 ut
865 1702 894 1760 id
915 1721 982 1760 eum
1002 1719 1062 1760 nou

261 1801 359 1859 dicere
384 1803 480 1874 modo,
508 1803 559 1862 sed
585 1804 674 1861 etiam
700 1821 767 1861 vere
793 1803 891 1860 dicere
919 1810 1060 1878 appareat.

260 1897 309 1954 69.
330 1896 396 1955 Nec
410 1899 540 1956 causanti
559 1899 669 1975 pupillo
690 1899 733 1957 sic
753 1909 829 1958 tutor
851 1898 990 1956 irascatur
1010 1917 1061 1956 urr-

261 2011 358 2067 quam,
372 2006 404 2050 ut
417 2013 476 2050 non
489 2005 656 2053 remaneant
669 1996 774 2052 amoris
788 1994 917 2072 vestigia,
931 2005 961 2052 et
981 2013 1062 2052 sacra

261 2089 394 2164 quedam
420 2089 510 2164 patris
536 2090 597 2166 ejus
624 2091 771 2149 memoria.
825 2090 891 2148 Jam
918 2089 1063 2166 quomodo

261 2195 363 2244 contm
391 2185 573 2244 abdicantem
597 2196 719 2262 patrem,
740 2195 906 2262 querentem
933 2203 1061 2257 uxorem,

263 2282 310 2359 agi
324 2301 441 2340 causam
460 2292 614 2358 oporteret,
629 2282 660 2340 in
680 2283 764 2355 libro,
780 2293 811 2342 ut
832 2281 963 2355 arbitror,
978 2282 1063 2359 septi·

261 2399 311 2440 mo
336 2381 404 2439 dixi.
458 2380 588 2443 Quando
614 2380 702 2439 etiam
728 2381 805 2458 ipsos
831 2380 919 2456 loqui,
947 2379 1062 2456 quando

263 2477 392 2536 advocati
412 2496 483 2535 voce
503 2477 546 2534 uti
572 2477 684 2550 deceat,
706 2487 824 2554 quartus
850 2477 933 2550 liber,
954 2478 984 2536 in
1004 2495 1062 2552 quo

260 2574 393 2650 proaemii
418 2584 562 2650 praecepta
587 2584 665 2646 sunt,
687 2574 823 2632 continet.
864 2575 911 2632 60.
933 2574 1005 2632 Esse
1031 2573 1062 2632 in

262 2669 357 2727 verbis
369 2669 447 2744 quod
460 2670 571 2742 deceat,
586 2680 635 2728 aut
647 2680 731 2746 turpe
752 2670 798 2742 sit,
812 2670 921 2728 nemini
941 2668 1061 2728 dubium

263 2775 314 2822 est
355 2765 451 2822 Unum
468 2767 526 2841 jam
547 2767 634 2844 igitur
654 2766 723 2824 huic
742 2767 818 2838 loco,
832 2765 910 2841 quod
929 2775 972 2822 est
992 2783 1062 2824 sane

263 2879 382 2918 summm
402 2861 586 2934 difficultatis,
608 2862 801 2939 adjiciendum
821 2862 942 2934 videtur,
958 2861 1061 2937 quibus

264 2955 414 3028 medieas,
428 2977 491 3032 quae
504 2968 572 3016 sunt
589 2969 693 3018 natura
711 2977 813 3036 parum
833 2958 971 3034 speciose,
986 2977 1061 3034 quse·

264 3070 321 3127 que
346 3071 404 3111 non
430 3053 537 3125 dicere,
564 3054 589 3111 si
620 3056 788 3114 utrumlibet
820 3063 896 3114 esset
926 3054 1059 3127 liberum,

264 3148 472 3221 maluissemus,
486 3167 545 3207 non
558 3158 653 3210 tamen
667 3153 725 3210 sint
738 3152 875 3210 indecora
888 3151 1058 3210 dicentibus.

263 3245 311 3305 61.
331 3245 414 3306 Quid
436 3245 608 3322 asperiorem
627 3248 733 3307 habere
753 3249 875 3308 frontem
893 3254 1060 3324 petessant

214 3347 218 3352 ’
262 3341 333 3421 quid
346 3360 430 3404 aures
448 3342 597 3404 hominum
615 3345 708 3426 magis
726 3355 873 3425 respuunt,
887 3362 973 3424 quam
992 3359 1059 3405 cum

501 3439 548 3502 ge
