2675 4009
465 599 548 649 lllss'l'.
566 601 705 650 ORATOR.
724 599 785 648 LlB.
805 601 836 647 X.
857 601 876 646 1.
1022 593 1063 654 2?

306 747 356 808 81.
382 747 628 826 Philosophorum,
655 769 691 808 ex
717 750 820 826 quibus
852 749 1005 826 plurimum
1030 769 1063 810 se

268 847 388 904 traxisse
413 847 584 922 eloquentie
611 847 653 905 M.
680 846 797 905 Tullius
817 847 978 918 confitetur,
999 847 1063 922 quis

269 941 381 1000 dubitet
392 943 546 1028 l’letonern
564 961 628 1001 esse
647 943 834 1019 precipuum,
850 943 909 1000 sive
930 942 1063 1000 acumine

266 1039 437 1112 disserendi,
460 1041 521 1098 sive
543 1041 695 1116 eloquendi
722 1041 858 1098 facultate
881 1041 977 1098 divino
996 1058 1063 1116 quo·

174 1219 178 1222 ⁴
267 1135 335 1194 dom
347 1145 377 1193 et
397 1135 575 1194 Homerioel
614 1137 736 1194 multum
754 1137 832 1194 enim
852 1155 937 1213 supra
949 1155 1063 1214 prosam

268 1233 435 1304 orationem,
462 1242 492 1289 et
517 1251 603 1307 quam
628 1233 789 1308 pedestrem
821 1233 918 1291 Greci
948 1244 1061 1306 vocent,

268 1328 378 1404 surgit:
400 1337 432 1385 ut
445 1327 516 1386 mihi
529 1347 589 1385 non
602 1328 770 1404 hominisin
790 1329 1063 1404 eu10‚sedquodarn

268 1423 553 1500 Delphioovideetur
573 1424 719 1482 oraculo
695 1347 872 1482 insligrlctus
911 1423 960 1482 82
980 1423 1063 1486 Quid

267 1539 323 1598 ego
332 1539 555 1578 commemorem
562 1521 757 1598 Xenophontis
766 1519 843 1577 illam
855 1519 1063 1595 jucunditatem

267 1617 468 1690 inaffectatum,
483 1617 534 1675 sed
555 1635 642 1692 quarn
662 1617 742 1674 nulla
762 1616 900 1692 consequi
921 1615 1063 1674 affectatio

158 1725 164 1732 '
266 1716 376 1789 possiti
415 1725 448 1772 ut
467 1714 535 1790 ipse
562 1731 723 1772 sermonem
751 1713 866 1771 finxisse
892 1712 998 1770 Graue
1024 1711 1063 1769 vi·

267 1810 397 1883 deantur,
418 1821 457 1883 et,
476 1809 556 1886 quod
582 1810 619 1868 de
645 1809 759 1868 Pericle
784 1809 888 1868 veteris
915 1809 1063 1874 oomoedie

267 1907 462 1965 testimonium
488 1917 542 1978 est,
570 1906 600 1963 in
626 1906 705 1964 hunc
731 1905 876 1964 transferri
904 1905 1063 1981 justissime

267 2003 366 2078 possit,
376 2003 405 2059 in
419 2003 507 2059 labris
520 2002 582 2078 ejus
595 2002 703 2060 sedisse
717 2002 859 2076 quendem
872 1998 1064 2076 persuadendi

268 2098 361 2155 deum.
401 2097 449 2154 83.
468 2097 552 2158 Quid
578 2097 753 2170 reliquorum
779 2095 988 2152 Socraticorum
1008 2094 1064 2150 ele·

268 2193 417 2272 gentieml
457 2191 541 2254 Quid
560 2191 761 2248 Aristotelem?
786 2207 870 2264 quem
891 2189 991 2245 dubito
1011 2187 1065 2244 soi·

268 2290 348 2348 entis
366 2307 472 2361 rerum,
494 2307 530 2346 nn
550 2288 721 2364 scriptorum
742 2285 834 2362 copie,
856 2303 892 2342 en
912 2283 1064 2360 eloquendi

268 2386 417 2457 suavitate,
433 2404 469 2443 en
490 2383 687 2443 inventionum
709 2381 851 2452 acumine,
873 2399 909 2438 cn
929 2379 1064 2438 varietate

268 2502 397 2559 operum,
412 2482 562 2540 clariorem
574 2491 682 2556 putem.
723 2477 753 2535 N
756 2497 800 2535 em
821 2478 851 2534 in
870 2477 1065 2553 Theophrasto

268 2589 327 2637 turn
341 2589 385 2638 est
397 2578 532 2654 loquendi
543 2577 619 2634 nitor
629 2576 679 2633 ille
689 2575 811 2644 divinus,
823 2585 855 2630 ut
865 2592 900 2630 ex
913 2591 1064 2646 eoxnomen
1155 2611 1158 2620 ·

269 2693 383 2750 quoque
408 2674 529 2730 traxisse
556 2672 676 2729 dicutur.
722 2671 770 2727 84.
792 2668 892 2725 Minus
919 2666 1065 2726 indulsere

162 2820 165 2824 .
269 2760 440 2846 eloquentie
473 2769 566 2826 Stoici
598 2778 724 2826 veteres:
759 2765 810 2822 sed
844 2783 911 2822 eum
945 2765 1063 2822 honesto

270 2877 430 2939 suaserunt,
445 2877 507 2923 tum
527 2865 558 2922 in
579 2863 743 2940 colligendo
763 2861 978 2937 probandoque,
1000 2879 1064 2936 que

271 2962 462 3034 instituerent,
481 2961 637 3038 plurimum
663 2959 830 3016 valuerunt:
857 2957 948 3014 rebus·
968 2967 1062 3016 lernen

270 3058 351 3116 ocuti
369 3059 470 3135 magis,
490 3076 587 3133 quoru,
607 3056 637 3113 id
656 3054 733 3132 quod
754 3050 822 3111 sone
842 3071 900 3110 non
921 3053 1063 3126 affectant,

271 3149 402 3208 oratione
414 3150 569 3227 magnifici.
1049 3200 1056 3214 x
1073 3207 1075 3214 ,

310 3245 359 3304 85.
386 3244 466 3304 Idem
480 3246 565 3304 nobis
577 3264 630 3322 per
642 3244 793 3302 Romanos
807 3260 920 3318 quoque
935 3250 1064 3298 suctores
1104 3297 1106 3305 ,

271 3344 343 3402 ordo
356 3342 507 3401 ducendus
520 3352 571 3402 est
611 3341 712 3418 ltaque
725 3351 758 3400 ut
778 3339 852 3418 apud
873 3339 938 3397 illos
958 3335 1064 3394 Home·
1114 3327 1118 3340 '
