<?xml version="1.0" encoding="UTF-8"?>
<!DOCTYPE html PUBLIC "-//W3C//DTD XHTML 1.0 Transitional//EN"
    "http://www.w3.org/TR/xhtml1/DTD/xhtml1-transitional.dtd">
<html xmlns="http://www.w3.org/1999/xhtml" xml:lang="en" lang="en">
 <head>
  <title>
</title>
<meta http-equiv="Content-Type" content="text/html;charset=utf-8" />
  <meta name='ocr-system' content='tesseract 3.04.00' />
  <meta name='ocr-capabilities' content='ocr_page ocr_carea ocr_par ocr_line ocrx_word'/>
</head>
<body>
  <div class='ocr_page' id='page_1' title='image "./mfabiiquintilia00dillgoog_0129.png"; bbox 0 0 2675 4009; ppageno 0'>
   <div class='ocr_carea' id='block_1_1' title="bbox 469 553 1082 614">
    <p class='ocr_par' dir='ltr' id='par_1_1' title="bbox 469 553 1082 614">
     <span class='ocr_line' id='line_1_1' title="bbox 469 553 1082 614; baseline 0.007 -4"><span class='ocrx_word' id='word_1_1' title='bbox 469 560 551 610; x_wconf 77' lang='lat' dir='ltr'><strong>mss.</strong></span> <span class='ocrx_word' id='word_1_2' title='bbox 570 559 709 610; x_wconf 78' lang='lat' dir='ltr'><strong>estnon</strong></span> <span class='ocrx_word' id='word_1_3' title='bbox 727 559 790 608; x_wconf 83' lang='lat' dir='ltr'><strong>mn</strong></span> <span class='ocrx_word' id='word_1_4' title='bbox 808 559 892 608; x_wconf 76' lang='lat' dir='ltr'><strong>xrs</strong></span> <span class='ocrx_word' id='word_1_5' title='bbox 1023 553 1082 614; x_wconf 76' lang='lat' dir='ltr'><strong>lta</strong></span> 
     </span>
    </p>
   </div>
   <div class='ocr_carea' id='block_1_2' title="bbox 274 709 1080 2037">
    <p class='ocr_par' dir='ltr' id='par_1_2' title="bbox 274 709 1080 2037">
     <span class='ocr_line' id='line_1_2' title="bbox 281 709 1080 788; baseline 0 -20"><span class='ocrx_word' id='word_1_6' title='bbox 281 709 383 770; x_wconf 79' lang='lat' dir='ltr'><strong>Graeoe</strong></span> <span class='ocrx_word' id='word_1_7' title='bbox 395 717 540 781; x_wconf 75' lang='grc' dir='ltr'><em>μονοτονια</em></span> <span class='ocrx_word' id='word_1_8' title='bbox 552 719 682 783; x_wconf 82' lang='lat' dir='ltr'><strong>vocetur,</strong></span> <span class='ocrx_word' id='word_1_9' title='bbox 695 728 756 770; x_wconf 91' lang='lat' dir='ltr'><strong>uua</strong></span> <span class='ocrx_word' id='word_1_10' title='bbox 766 710 897 786; x_wconf 74' lang='lat' dir='ltr'><strong>quedam</strong></span> <span class='ocrx_word' id='word_1_11' title='bbox 909 709 1026 788; x_wconf 86' lang='lat' dir='ltr'><strong>spiritus</strong></span> <span class='ocrx_word' id='word_1_12' title='bbox 1045 727 1080 768; x_wconf 91' lang='lat' dir='ltr'><strong>ac</strong></span> 
     </span>
     <span class='ocr_line' id='line_1_3' title="bbox 280 807 1080 868; baseline -0.003 -2"><span class='ocrx_word' id='word_1_13' title='bbox 280 807 343 866; x_wconf 82' lang='lat' dir='ltr'><strong>soni</strong></span> <span class='ocrx_word' id='word_1_14' title='bbox 370 807 509 866; x_wconf 87' lang='lat' dir='ltr'><strong>intentio:</strong></span> <span class='ocrx_word' id='word_1_15' title='bbox 543 825 601 866; x_wconf 90' lang='lat' dir='ltr'><strong>non</strong></span> <span class='ocrx_word' id='word_1_16' title='bbox 633 807 727 865; x_wconf 91' lang='lat' dir='ltr'><strong>solum</strong></span> <span class='ocrx_word' id='word_1_17' title='bbox 758 827 797 866; x_wconf 89' lang='lat' dir='ltr'><strong>ue</strong></span> <span class='ocrx_word' id='word_1_18' title='bbox 827 808 958 868; x_wconf 87' lang='lat' dir='ltr'><strong>dicamus</strong></span> <span class='ocrx_word' id='word_1_19' title='bbox 982 807 1080 865; x_wconf 86' lang='lat' dir='ltr'><strong>omnia</strong></span> 
     </span>
     <span class='ocr_line' id='line_1_4' title="bbox 280 903 1079 980; baseline 0 -18"><span class='ocrx_word' id='word_1_20' title='bbox 280 904 414 977; x_wconf 80' lang='lat' dir='ltr'><strong>clamose,</strong></span> <span class='ocrx_word' id='word_1_21' title='bbox 435 905 512 979; x_wconf 88' lang='lat' dir='ltr'><strong>quod</strong></span> <span class='ocrx_word' id='word_1_22' title='bbox 539 903 673 962; x_wconf 82' lang='lat' dir='ltr'><strong>insanum</strong></span> <span class='ocrx_word' id='word_1_23' title='bbox 692 914 751 976; x_wconf 83' lang='lat' dir='ltr'><strong>est3</strong></span> <span class='ocrx_word' id='word_1_24' title='bbox 779 915 829 964; x_wconf 86' lang='lat' dir='ltr'><strong>aut</strong></span> <span class='ocrx_word' id='word_1_25' title='bbox 847 904 923 964; x_wconf 87' lang='lat' dir='ltr'><strong>intra</strong></span> <span class='ocrx_word' id='word_1_26' title='bbox 941 903 1079 980; x_wconf 87' lang='lat' dir='ltr'><strong>loquendi</strong></span> 
     </span>
     <span class='ocr_line' id='line_1_5' title="bbox 278 1000 1079 1076; baseline 0.004 -18"><span class='ocrx_word' id='word_1_27' title='bbox 278 1001 406 1074; x_wconf 88' lang='lat' dir='ltr'><strong>modum,</strong></span> <span class='ocrx_word' id='word_1_28' title='bbox 427 1000 504 1076; x_wconf 91' lang='lat' dir='ltr'><strong>quod</strong></span> <span class='ocrx_word' id='word_1_29' title='bbox 523 1009 603 1058; x_wconf 89' lang='lat' dir='ltr'><strong>motu</strong></span> <span class='ocrx_word' id='word_1_30' title='bbox 629 1011 724 1070; x_wconf 89' lang='lat' dir='ltr'><strong>caret;</strong></span> <span class='ocrx_word' id='word_1_31' title='bbox 752 1011 801 1059; x_wconf 91' lang='lat' dir='ltr'><strong>aut</strong></span> <span class='ocrx_word' id='word_1_32' title='bbox 825 1002 978 1061; x_wconf 87' lang='lat' dir='ltr'><strong>summisso</strong></span> <span class='ocrx_word' id='word_1_33' title='bbox 1002 1019 1079 1060; x_wconf 86' lang='lat' dir='ltr'><strong>mur·</strong></span> 
     </span>
     <span class='ocr_line' id='line_1_6' title="bbox 278 1095 1076 1172; baseline 0.003 -18"><span class='ocrx_word' id='word_1_34' title='bbox 278 1115 369 1168; x_wconf 87' lang='lat' dir='ltr'><strong>mure,</strong></span> <span class='ocrx_word' id='word_1_35' title='bbox 402 1114 460 1172; x_wconf 91' lang='lat' dir='ltr'><strong>quo</strong></span> <span class='ocrx_word' id='word_1_36' title='bbox 493 1098 580 1154; x_wconf 85' lang='lat' dir='ltr'><strong>etiam</strong></span> <span class='ocrx_word' id='word_1_37' title='bbox 613 1095 777 1157; x_wconf 74' lang='lat' dir='ltr'>debilitatur</span> <span class='ocrx_word' id='word_1_38' title='bbox 809 1098 904 1156; x_wconf 87' lang='lat' dir='ltr'><strong>omnis</strong></span> <span class='ocrx_word' id='word_1_39' title='bbox 936 1097 1076 1156; x_wconf 83' lang='lat' dir='ltr'><strong>intentio:</strong></span> 
     </span>
     <span class='ocr_line' id='line_1_7' title="bbox 277 1191 1078 1268; baseline 0.004 -18"><span class='ocrx_word' id='word_1_40' title='bbox 277 1192 326 1250; x_wconf 91' lang='grc'><strong>46.</strong></span> <span class='ocrx_word' id='word_1_41' title='bbox 347 1191 398 1250; x_wconf 89' lang='lat' dir='ltr'><strong>sed</strong></span> <span class='ocrx_word' id='word_1_42' title='bbox 418 1202 449 1248; x_wconf 93' lang='lat' dir='ltr'><strong>ut</strong></span> <span class='ocrx_word' id='word_1_43' title='bbox 469 1191 500 1248; x_wconf 92' lang='lat' dir='ltr'><strong>in</strong></span> <span class='ocrx_word' id='word_1_44' title='bbox 523 1191 625 1250; x_wconf 88' lang='lat' dir='ltr'><strong>iisdem</strong></span> <span class='ocrx_word' id='word_1_45' title='bbox 644 1192 774 1268; x_wconf 89' lang='lat' dir='ltr'><strong>partibus</strong></span> <span class='ocrx_word' id='word_1_46' title='bbox 792 1192 951 1268; x_wconf 78' lang='lat' dir='ltr'>iisdemque</span> <span class='ocrx_word' id='word_1_47' title='bbox 970 1193 1078 1252; x_wconf 81' lang='lat' dir='ltr'><strong>affecti·</strong></span> 
     </span>
     <span class='ocr_line' id='line_1_8' title="bbox 278 1286 1076 1365; baseline 0.005 -21"><span class='ocrx_word' id='word_1_48' title='bbox 278 1287 332 1344; x_wconf 90' lang='lat' dir='ltr'><strong>bus</strong></span> <span class='ocrx_word' id='word_1_49' title='bbox 357 1286 415 1346; x_wconf 88' lang='lat' dir='ltr'><strong>sint</strong></span> <span class='ocrx_word' id='word_1_50' title='bbox 434 1297 531 1346; x_wconf 84' lang='lat' dir='ltr'><strong>tamen</strong></span> <span class='ocrx_word' id='word_1_51' title='bbox 551 1287 681 1363; x_wconf 83' lang='lat' dir='ltr'><strong>quaedam</strong></span> <span class='ocrx_word' id='word_1_52' title='bbox 707 1306 767 1346; x_wconf 90' lang='lat' dir='ltr'><strong>uon</strong></span> <span class='ocrx_word' id='word_1_53' title='bbox 793 1287 835 1346; x_wconf 89' lang='lat' dir='ltr'><strong>itu</strong></span> <span class='ocrx_word' id='word_1_54' title='bbox 859 1307 972 1365; x_wconf 76' lang='lat' dir='ltr'><strong>magum</strong></span> <span class='ocrx_word' id='word_1_55' title='bbox 996 1289 1076 1348; x_wconf 79' lang='lat' dir='ltr'><strong>vocis</strong></span> 
     </span>
     <span class='ocr_line' id='line_1_9' title="bbox 278 1382 1076 1460; baseline 0.003 -18"><span class='ocrx_word' id='word_1_56' title='bbox 278 1382 493 1456; x_wconf 82' lang='lat' dir='ltr'><strong>declinationes,</strong></span> <span class='ocrx_word' id='word_1_57' title='bbox 512 1395 598 1460; x_wconf 89' lang='lat' dir='ltr'><strong>prout</strong></span> <span class='ocrx_word' id='word_1_58' title='bbox 625 1393 675 1442; x_wconf 88' lang='lat' dir='ltr'><strong>aut</strong></span> <span class='ocrx_word' id='word_1_59' title='bbox 699 1384 850 1443; x_wconf 78' lang='lat' dir='ltr'><strong>uerborum</strong></span> <span class='ocrx_word' id='word_1_60' title='bbox 870 1383 1006 1460; x_wconf 78' lang='lat' dir='ltr'><strong>dignitas,</strong></span> <span class='ocrx_word' id='word_1_61' title='bbox 1026 1394 1076 1444; x_wconf 88' lang='lat' dir='ltr'><strong>aut</strong></span> 
     </span>
     <span class='ocr_line' id='line_1_10' title="bbox 277 1479 1075 1557; baseline 0 -19"><span class='ocrx_word' id='word_1_62' title='bbox 277 1479 481 1538; x_wconf 81' lang='lat' dir='ltr'><strong>sententiarum</strong></span> <span class='ocrx_word' id='word_1_63' title='bbox 501 1489 612 1553; x_wconf 81' lang='lat' dir='ltr'><strong>nutura,</strong></span> <span class='ocrx_word' id='word_1_64' title='bbox 628 1490 677 1540; x_wconf 89' lang='lat' dir='ltr'><strong>aut</strong></span> <span class='ocrx_word' id='word_1_65' title='bbox 695 1480 848 1557; x_wconf 79' lang='lat' dir='ltr'>depositio,</span> <span class='ocrx_word' id='word_1_66' title='bbox 869 1489 919 1538; x_wconf 86' lang='lat' dir='ltr'><strong>aut</strong></span> <span class='ocrx_word' id='word_1_67' title='bbox 938 1479 1075 1556; x_wconf 74' lang='lat' dir='ltr'><strong>inceptio,</strong></span> 
     </span>
     <span class='ocr_line' id='line_1_11' title="bbox 276 1574 1077 1654; baseline 0 -20"><span class='ocrx_word' id='word_1_68' title='bbox 276 1585 325 1634; x_wconf 85' lang='lat' dir='ltr'><strong>aut</strong></span> <span class='ocrx_word' id='word_1_69' title='bbox 351 1576 486 1634; x_wconf 78' lang='lat' dir='ltr'><strong>transitus</strong></span> <span class='ocrx_word' id='word_1_70' title='bbox 511 1576 683 1653; x_wconf 76' lang='lat' dir='ltr'><strong>postulabitz</strong></span> <span class='ocrx_word' id='word_1_71' title='bbox 710 1586 743 1634; x_wconf 92' lang='lat' dir='ltr'><strong>ut</strong></span> <span class='ocrx_word' id='word_1_72' title='bbox 768 1576 819 1653; x_wconf 91' lang='lat' dir='ltr'><strong>qui</strong></span> <span class='ocrx_word' id='word_1_73' title='bbox 837 1575 961 1654; x_wconf 83' lang='lat' dir='ltr'><strong>siugulis</strong></span> <span class='ocrx_word' id='word_1_74' title='bbox 979 1574 1077 1652; x_wconf 79' lang='lat' dir='ltr'><strong>pinxe-</strong></span> 
     </span>
     <span class='ocr_line' id='line_1_12' title="bbox 275 1672 1077 1747; baseline 0.002 -17"><span class='ocrx_word' id='word_1_75' title='bbox 275 1681 343 1730; x_wconf 89' lang='lat' dir='ltr'><strong>runt</strong></span> <span class='ocrx_word' id='word_1_76' title='bbox 375 1673 528 1747; x_wconf 88' lang='lat' dir='ltr'><strong>coloribus,</strong></span> <span class='ocrx_word' id='word_1_77' title='bbox 563 1673 619 1732; x_wconf 83' lang='lat' dir='ltr'><strong>ulia</strong></span> <span class='ocrx_word' id='word_1_78' title='bbox 650 1683 748 1732; x_wconf 81' lang='lat' dir='ltr'><strong>temen</strong></span> <span class='ocrx_word' id='word_1_79' title='bbox 785 1672 985 1745; x_wconf 77' lang='lat' dir='ltr'><strong>eminentiora,</strong></span> <span class='ocrx_word' id='word_1_80' title='bbox 1020 1673 1077 1732; x_wconf 86' lang='lat' dir='ltr'><strong>alia</strong></span> 
     </span>
     <span class='ocr_line' id='line_1_13' title="bbox 274 1766 1074 1845; baseline 0.005 -21"><span class='ocrx_word' id='word_1_81' title='bbox 274 1766 438 1824; x_wconf 76' lang='lat' dir='ltr'><strong>reductiora</strong></span> <span class='ocrx_word' id='word_1_82' title='bbox 450 1767 590 1840; x_wconf 77' lang='lat' dir='ltr'><strong>lecerunt,</strong></span> <span class='ocrx_word' id='word_1_83' title='bbox 599 1767 666 1838; x_wconf 88' lang='lat' dir='ltr'><strong>sine</strong></span> <span class='ocrx_word' id='word_1_84' title='bbox 679 1786 738 1845; x_wconf 86' lang='lat' dir='ltr'><strong>quo</strong></span> <span class='ocrx_word' id='word_1_85' title='bbox 750 1785 789 1826; x_wconf 90' lang='lat' dir='ltr'><strong>ue</strong></span> <span class='ocrx_word' id='word_1_86' title='bbox 801 1768 938 1828; x_wconf 87' lang='lat' dir='ltr'><strong>membris</strong></span> <span class='ocrx_word' id='word_1_87' title='bbox 957 1767 1074 1844; x_wconf 88' lang='lat' dir='ltr'><strong>quidem</strong></span> 
     </span>
     <span class='ocr_line' id='line_1_14' title="bbox 275 1862 1073 1940; baseline 0.006 -20"><span class='ocrx_word' id='word_1_88' title='bbox 275 1880 341 1920; x_wconf 85' lang='lat' dir='ltr'><strong>suus</strong></span> <span class='ocrx_word' id='word_1_89' title='bbox 366 1862 457 1920; x_wconf 87' lang='lat' dir='ltr'><strong>lineas</strong></span> <span class='ocrx_word' id='word_1_90' title='bbox 482 1863 634 1920; x_wconf 84' lang='lat' dir='ltr'><strong>dedissent</strong></span> <span class='ocrx_word' id='word_1_91' title='bbox 688 1863 737 1921; x_wconf 83' lang='grc'><strong>47.</strong></span> <span class='ocrx_word' id='word_1_92' title='bbox 769 1862 966 1940; x_wconf 86' lang='lat' dir='ltr'><strong>Proponamus</strong></span> <span class='ocrx_word' id='word_1_93' title='bbox 996 1865 1073 1925; x_wconf 87' lang='lat' dir='ltr'><strong>enim</strong></span> 
     </span>
     <span class='ocr_line' id='line_1_15' title="bbox 275 1956 1072 2037; baseline 0.004 -21"><span class='ocrx_word' id='word_1_94' title='bbox 275 1956 360 2016; x_wconf 90' lang='lat' dir='ltr'><strong>nobis</strong></span> <span class='ocrx_word' id='word_1_95' title='bbox 373 1956 444 2014; x_wconf 91' lang='lat' dir='ltr'><strong>illud</strong></span> <span class='ocrx_word' id='word_1_96' title='bbox 458 1956 610 2016; x_wconf 87' lang='lat' dir='ltr'><strong>Ciceronis</strong></span> <span class='ocrx_word' id='word_1_97' title='bbox 624 1956 654 2015; x_wconf 87' lang='lat' dir='ltr'><strong>iu</strong></span> <span class='ocrx_word' id='word_1_98' title='bbox 674 1957 806 2016; x_wconf 86' lang='lat' dir='ltr'><strong>oratione</strong></span> <span class='ocrx_word' id='word_1_99' title='bbox 823 1959 1002 2018; x_wconf 87' lang='lat' dir='ltr'><strong>nobilissima</strong></span> <span class='ocrx_word' id='word_1_100' title='bbox 1019 1978 1072 2037; x_wconf 88' lang='lat' dir='ltr'><strong>pro</strong></span> 
     </span>
    </p>
   </div>
   <div class='ocr_carea' id='block_1_3' title="bbox 275 2049 1074 2224">
    <p class='ocr_par' dir='ltr' id='par_1_3' title="bbox 275 2049 1074 2224">
     <span class='ocr_line' id='line_1_16' title="bbox 275 2049 1074 2131; baseline 0.005 -21"><span class='ocrx_word' id='word_1_101' title='bbox 275 2049 387 2110; x_wconf 86' lang='lat' dir='ltr'><strong>Milone</strong></span> <span class='ocrx_word' id='word_1_102' title='bbox 418 2051 603 2128; x_wconf 88' lang='lat' dir='ltr'><strong>principium,</strong></span> <span class='ocrx_word' id='word_1_103' title='bbox 630 2071 729 2112; x_wconf 87' lang='lat' dir='ltr'><strong>noune</strong></span> <span class='ocrx_word' id='word_1_104' title='bbox 763 2053 800 2110; x_wconf 82' lang='lat' dir='ltr'><strong>ud</strong></span> <span class='ocrx_word' id='word_1_105' title='bbox 831 2053 961 2131; x_wconf 77' lang='lat' dir='ltr'><strong>singulas</strong></span> <span class='ocrx_word' id='word_1_106' title='bbox 991 2073 1074 2131; x_wconf 80' lang='lat' dir='ltr'><strong>pene</strong></span> 
     </span>
     <span class='ocr_line' id='line_1_17' title="bbox 276 2147 1074 2224; baseline 0.005 -18"><span class='ocrx_word' id='word_1_107' title='bbox 276 2147 483 2221; x_wconf 86' lang='lat' dir='ltr'><strong>distinctiones,</strong></span> <span class='ocrx_word' id='word_1_108' title='bbox 513 2148 643 2224; x_wconf 84' lang='lat' dir='ltr'><strong>quamvis</strong></span> <span class='ocrx_word' id='word_1_109' title='bbox 668 2149 700 2208; x_wconf 91' lang='lat' dir='ltr'><strong>iu</strong></span> <span class='ocrx_word' id='word_1_110' title='bbox 732 2150 835 2208; x_wconf 88' lang='lat' dir='ltr'><strong>eadam</strong></span> <span class='ocrx_word' id='word_1_111' title='bbox 866 2149 951 2222; x_wconf 84' lang='lat' dir='ltr'><strong>facie,</strong></span> <span class='ocrx_word' id='word_1_112' title='bbox 978 2159 1074 2210; x_wconf 87' lang='lat' dir='ltr'><strong>tamen</strong></span> 
     </span>
    </p>
   </div>
   <div class='ocr_carea' id='block_1_4' title="bbox 246 2243 1144 3090">
    <p class='ocr_par' dir='ltr' id='par_1_4' title="bbox 246 2243 1144 3090">
     <span class='ocr_line' id='line_1_18' title="bbox 275 2243 1144 2321; baseline 0.007 -19"><span class='ocrx_word' id='word_1_113' title='bbox 275 2243 356 2320; x_wconf 84' lang='lat' dir='ltr'><strong>quasi</strong></span> <span class='ocrx_word' id='word_1_114' title='bbox 369 2245 464 2302; x_wconf 85' lang='lat' dir='ltr'><strong>vultus</strong></span> <span class='ocrx_word' id='word_1_115' title='bbox 477 2243 631 2304; x_wconf 81' lang='lat' dir='ltr'><strong>mutandus</strong></span> <span class='ocrx_word' id='word_1_116' title='bbox 644 2245 706 2303; x_wconf 76' lang='lat' dir='ltr'><strong>esti</strong></span> <span class='ocrx_word' id='word_1_117' title='bbox 746 2244 820 2304; x_wconf 77' lang='lat' dir='ltr'><strong>Etsi</strong></span> <span class='ocrx_word' id='word_1_118' title='bbox 833 2243 1072 2321; x_wconf 57' lang='lat' dir='ltr'><strong>cessonjatdicas,</strong></span> <span class='ocrx_word' id='word_1_119' title='bbox 1141 2303 1144 2308; x_wconf 91' lang='lat'>.</span> 
     </span>
     <span class='ocr_line' id='line_1_19' title="bbox 273 2339 1072 2418; baseline -0.003 -16"><span class='ocrx_word' id='word_1_120' title='bbox 273 2361 308 2402; x_wconf 82' lang='lat' dir='ltr'><strong>nc</strong></span> <span class='ocrx_word' id='word_1_121' title='bbox 321 2349 404 2418; x_wconf 78' lang='lat' dir='ltr'><strong>turpe</strong></span> <span class='ocrx_word' id='word_1_122' title='bbox 416 2341 465 2410; x_wconf 82' lang='lat' dir='ltr'><strong>sit,</strong></span> <span class='ocrx_word' id='word_1_123' title='bbox 473 2361 531 2418; x_wconf 81' lang='lat' dir='ltr'><strong>pro</strong></span> <span class='ocrx_word' id='word_1_124' title='bbox 535 2339 701 2418; x_wconf 80' lang='lat' dir='ltr'><strong>fortissimo</strong></span> <span class='ocrx_word' id='word_1_125' title='bbox 712 2342 776 2400; x_wconf 81' lang='lat' dir='ltr'><strong>viro</strong></span> <span class='ocrx_word' id='word_1_126' title='bbox 788 2341 880 2400; x_wconf 78' lang='lat' dir='ltr'><strong>dicere</strong></span> <span class='ocrx_word' id='word_1_127' title='bbox 892 2341 1072 2418; x_wconf 56' lang='lat' dir='ltr'><strong>incipientes</strong></span> 
     </span>
     <span class='ocr_line' id='line_1_20' title="bbox 273 2437 1072 2516; baseline 0 -18"><span class='ocrx_word' id='word_1_128' title='bbox 273 2439 377 2498; x_wconf 82' lang='lat' dir='ltr'><strong>timere.</strong></span> <span class='ocrx_word' id='word_1_129' title='bbox 417 2437 465 2496; x_wconf 82' lang='grc'><strong>48.</strong></span> <span class='ocrx_word' id='word_1_130' title='bbox 486 2437 608 2498; x_wconf 85' lang='lat' dir='ltr'><strong>Etiamsi</strong></span> <span class='ocrx_word' id='word_1_131' title='bbox 634 2446 696 2496; x_wconf 90' lang='lat' dir='ltr'><strong>tcto</strong></span> <span class='ocrx_word' id='word_1_132' title='bbox 720 2438 867 2516; x_wconf 86' lang='lat' dir='ltr'><strong>proposito</strong></span> <span class='ocrx_word' id='word_1_133' title='bbox 892 2448 1072 2498; x_wconf 87' lang='lat' dir='ltr'><strong>contractum</strong></span> 
     </span>
     <span class='ocr_line' id='line_1_21' title="bbox 273 2533 1072 2610; baseline 0 -16"><span class='ocrx_word' id='word_1_134' title='bbox 273 2545 358 2610; x_wconf 90' lang='lat' dir='ltr'><strong>atque</strong></span> <span class='ocrx_word' id='word_1_135' title='bbox 371 2534 562 2607; x_wconf 89' lang='lat' dir='ltr'><strong>summissum,</strong></span> <span class='ocrx_word' id='word_1_136' title='bbox 572 2533 639 2610; x_wconf 90' lang='lat' dir='ltr'><strong>quia</strong></span> <span class='ocrx_word' id='word_1_137' title='bbox 651 2543 681 2592; x_wconf 88' lang='lat' dir='ltr'><strong>et</strong></span> <span class='ocrx_word' id='word_1_138' title='bbox 694 2535 843 2594; x_wconf 87' lang='lat' dir='ltr'><strong>exordium</strong></span> <span class='ocrx_word' id='word_1_139' title='bbox 855 2544 908 2608; x_wconf 86' lang='lat' dir='ltr'><strong>est,</strong></span> <span class='ocrx_word' id='word_1_140' title='bbox 917 2545 946 2594; x_wconf 91' lang='lat' dir='ltr'><strong>et</strong></span> <span class='ocrx_word' id='word_1_141' title='bbox 955 2535 1072 2595; x_wconf 87' lang='lat' dir='ltr'><strong>solliciti</strong></span> 
     </span>
     <span class='ocr_line' id='line_1_22' title="bbox 272 2630 1071 2708; baseline 0.003 -20"><span class='ocrx_word' id='word_1_142' title='bbox 272 2630 435 2688; x_wconf 80' lang='lat' dir='ltr'><strong>exordium:</strong></span> <span class='ocrx_word' id='word_1_143' title='bbox 469 2641 565 2690; x_wconf 86' lang='lat' dir='ltr'><strong>tumen</strong></span> <span class='ocrx_word' id='word_1_144' title='bbox 599 2630 694 2703; x_wconf 83' lang='lat' dir='ltr'><strong>fuerit,</strong></span> <span class='ocrx_word' id='word_1_145' title='bbox 721 2649 842 2690; x_wconf 84' lang='lat' dir='ltr'><strong>necesse</strong></span> <span class='ocrx_word' id='word_1_146' title='bbox 873 2642 927 2704; x_wconf 87' lang='lat' dir='ltr'><strong>est,</strong></span> <span class='ocrx_word' id='word_1_147' title='bbox 962 2632 1071 2708; x_wconf 90' lang='lat' dir='ltr'><strong>aliquid</strong></span> 
     </span>
     <span class='ocr_line' id='line_1_23' title="bbox 273 2725 1071 2802; baseline 0.005 -19"><span class='ocrx_word' id='word_1_148' title='bbox 273 2726 385 2802; x_wconf 87' lang='lat' dir='ltr'><strong>plenius</strong></span> <span class='ocrx_word' id='word_1_149' title='bbox 411 2735 440 2784; x_wconf 88' lang='lat' dir='ltr'><strong>et</strong></span> <span class='ocrx_word' id='word_1_150' title='bbox 466 2727 599 2797; x_wconf 85' lang='lat' dir='ltr'><strong>erectius,</strong></span> <span class='ocrx_word' id='word_1_151' title='bbox 628 2745 696 2784; x_wconf 91' lang='lat' dir='ltr'><strong>cum</strong></span> <span class='ocrx_word' id='word_1_152' title='bbox 722 2727 803 2798; x_wconf 90' lang='lat' dir='ltr'><strong>dicit,</strong></span> <span class='ocrx_word' id='word_1_153' title='bbox 824 2726 889 2784; x_wconf 84' lang='lat' dir='ltr'><strong>Pro</strong></span> <span class='ocrx_word' id='word_1_154' title='bbox 906 2725 1071 2802; x_wconf 83' lang='lat' dir='ltr'><strong>fortissimo</strong></span> 
     </span>
     <span class='ocr_line' id='line_1_24' title="bbox 246 2815 1070 2900; baseline 0.002 -20"><span class='ocrx_word' id='word_1_155' title='bbox 246 2815 251 2829; x_wconf 85' lang='lat'><em>&#39;</em></span> <span class='ocrx_word' id='word_1_156' title='bbox 272 2823 345 2894; x_wconf 82' lang='lat' dir='ltr'><strong>viro,</strong></span> <span class='ocrx_word' id='word_1_157' title='bbox 366 2840 450 2897; x_wconf 83' lang='lat' dir='ltr'><strong>quum</strong></span> <span class='ocrx_word' id='word_1_158' title='bbox 471 2841 548 2896; x_wconf 88' lang='lat' dir='ltr'><strong>cum,</strong></span> <span class='ocrx_word' id='word_1_159' title='bbox 563 2822 634 2880; x_wconf 83' lang='lat' dir='ltr'><strong>Etsi</strong></span> <span class='ocrx_word' id='word_1_160' title='bbox 652 2842 757 2895; x_wconf 82' lang='lat' dir='ltr'><strong>vereor,</strong></span> <span class='ocrx_word' id='word_1_161' title='bbox 778 2832 818 2894; x_wconf 88' lang='lat' dir='ltr'><strong>et,</strong></span> <span class='ocrx_word' id='word_1_162' title='bbox 844 2821 943 2900; x_wconf 62' lang='lat' dir='ltr'><strong>Turpe</strong></span> <span class='ocrx_word' id='word_1_163' title='bbox 961 2823 1010 2896; x_wconf 83' lang='lat' dir='ltr'><strong>sit,</strong></span> <span class='ocrx_word' id='word_1_164' title='bbox 1031 2833 1070 2896; x_wconf 90' lang='lat' dir='ltr'><strong>et,</strong></span> 
     </span>
     <span class='ocr_line' id='line_1_25' title="bbox 280 2917 1071 2994; baseline 0.005 -18"><span class='ocrx_word' id='word_1_165' title='bbox 280 2917 395 2976; x_wconf 66' lang='lat' dir='ltr'><strong>limera.</strong></span> <span class='ocrx_word' id='word_1_166' title='bbox 435 2919 482 2976; x_wconf 87' lang='grc'><strong>49.</strong></span> <span class='ocrx_word' id='word_1_167' title='bbox 504 2917 570 2976; x_wconf 88' lang='lat' dir='ltr'><strong>Jam</strong></span> <span class='ocrx_word' id='word_1_168' title='bbox 596 2919 724 2978; x_wconf 88' lang='lat' dir='ltr'><strong>secunda</strong></span> <span class='ocrx_word' id='word_1_169' title='bbox 754 2917 903 2994; x_wconf 80' lang='lat' dir='ltr'><strong>respiratio</strong></span> <span class='ocrx_word' id='word_1_170' title='bbox 928 2918 1071 2980; x_wconf 77' lang='lat' dir='ltr'><strong>increscat</strong></span> 
     </span>
     <span class='ocr_line' id='line_1_26' title="bbox 274 3013 1071 3090; baseline 0.008 -20"><span class='ocrx_word' id='word_1_171' title='bbox 274 3023 395 3088; x_wconf 84' lang='lat' dir='ltr'><strong>oportet,</strong></span> <span class='ocrx_word' id='word_1_172' title='bbox 415 3023 444 3072; x_wconf 90' lang='lat' dir='ltr'><strong>et</strong></span> <span class='ocrx_word' id='word_1_173' title='bbox 463 3013 585 3072; x_wconf 89' lang='lat' dir='ltr'><strong>naturali</strong></span> <span class='ocrx_word' id='word_1_174' title='bbox 605 3014 729 3090; x_wconf 87' lang='lat' dir='ltr'><strong>quodam</strong></span> <span class='ocrx_word' id='word_1_175' title='bbox 755 3024 871 3087; x_wconf 82' lang='lat' dir='ltr'><strong>coneto,</strong></span> <span class='ocrx_word' id='word_1_176' title='bbox 892 3033 949 3090; x_wconf 91' lang='lat' dir='ltr'><strong>quo</strong></span> <span class='ocrx_word' id='word_1_177' title='bbox 974 3016 1071 3076; x_wconf 86' lang='lat' dir='ltr'><strong>miuus</strong></span> 
     </span>
    </p>
   </div>
   <div class='ocr_carea' id='block_1_5' title="bbox 170 3108 1071 3190">
    <p class='ocr_par' dir='ltr' id='par_1_5' title="bbox 170 3108 1071 3190">
     <span class='ocr_line' id='line_1_27' title="bbox 170 3108 1071 3190; baseline 0.003 -23"><span class='ocrx_word' id='word_1_178' title='bbox 170 3117 171 3120; x_wconf 76' lang='grc'>’</span> <span class='ocrx_word' id='word_1_179' title='bbox 273 3108 375 3185; x_wconf 82' lang='lat' dir='ltr'><strong>paride</strong></span> <span class='ocrx_word' id='word_1_180' title='bbox 395 3109 526 3180; x_wconf 89' lang='lat' dir='ltr'><strong>dicimus,</strong></span> <span class='ocrx_word' id='word_1_181' title='bbox 548 3128 610 3185; x_wconf 77' lang='lat' dir='ltr'><strong>quae</strong></span> <span class='ocrx_word' id='word_1_182' title='bbox 630 3120 798 3186; x_wconf 87' lang='lat' dir='ltr'><strong>sequuntur,</strong></span> <span class='ocrx_word' id='word_1_183' title='bbox 818 3120 848 3170; x_wconf 91' lang='lat' dir='ltr'><strong>et</strong></span> <span class='ocrx_word' id='word_1_184' title='bbox 866 3111 942 3187; x_wconf 90' lang='lat' dir='ltr'><strong>quod</strong></span> <span class='ocrx_word' id='word_1_185' title='bbox 962 3113 1071 3190; x_wconf 75' lang='lat' dir='ltr'><strong>magui·</strong></span> 
     </span>
    </p>
   </div>
   <div class='ocr_carea' id='block_1_6' title="bbox 273 3203 1069 3383">
    <p class='ocr_par' dir='ltr' id='par_1_6' title="bbox 273 3203 1069 3383">
     <span class='ocr_line' id='line_1_28' title="bbox 274 3203 1069 3285; baseline 0.005 -23"><span class='ocrx_word' id='word_1_186' title='bbox 274 3203 345 3262; x_wconf 88' lang='lat' dir='ltr'><strong>tudo</strong></span> <span class='ocrx_word' id='word_1_187' title='bbox 354 3204 447 3276; x_wconf 19' lang='lat' dir='ltr'><strong>,enimi</strong></span> <span class='ocrx_word' id='word_1_188' title='bbox 460 3204 580 3262; x_wconf 90' lang='lat' dir='ltr'><strong>Milonis</strong></span> <span class='ocrx_word' id='word_1_189' title='bbox 593 3206 763 3280; x_wconf 89' lang='lat' dir='ltr'><strong>ostenditur,</strong></span> <span class='ocrx_word' id='word_1_190' title='bbox 776 3206 948 3285; x_wconf 74' lang='lat' dir='ltr'><strong>Minimeque</strong></span> <span class='ocrx_word' id='word_1_191' title='bbox 961 3207 1069 3282; x_wconf 69' lang='lat' dir='ltr'><strong>decent,</strong></span> 
     </span>
     <span class='ocr_line' id='line_1_29' title="bbox 273 3299 1068 3383; baseline 0.005 -23"><span class='ocrx_word' id='word_1_192' title='bbox 273 3319 335 3360; x_wconf 79' lang='lat' dir='ltr'><strong>oum</strong></span> <span class='ocrx_word' id='word_1_193' title='bbox 354 3300 388 3360; x_wconf 84' lang='lat' dir='ltr'><strong>T.</strong></span> <span class='ocrx_word' id='word_1_194' title='bbox 402 3299 517 3362; x_wconf 82' lang='lat' dir='ltr'><strong>Annius</strong></span> <span class='ocrx_word' id='word_1_195' title='bbox 537 3301 597 3380; x_wconf 82' lang='lat' dir='ltr'><strong>ipse</strong></span> <span class='ocrx_word' id='word_1_196' title='bbox 617 3303 711 3380; x_wconf 75' lang='lat' dir='ltr'><strong>mugit</strong></span> <span class='ocrx_word' id='word_1_197' title='bbox 723 3303 901 3383; x_wconf 66' lang='lat' dir='ltr'><strong>reipublice</strong></span> <span class='ocrx_word' id='word_1_198' title='bbox 913 3303 947 3364; x_wconf 84' lang='lat' dir='ltr'><strong>de</strong></span> <span class='ocrx_word' id='word_1_199' title='bbox 966 3303 1068 3377; x_wconf 81' lang='lat' dir='ltr'><strong>solute,</strong></span> 
     </span>
    </p>
   </div>
   <div class='ocr_carea' id='block_1_7' title="bbox 0 0 1342 4009">
    <p class='ocr_par' dir='ltr' id='par_1_7' title="bbox 0 0 1342 4009">
     <span class='ocr_line' id='line_1_30' title="bbox 0 0 1342 4009; baseline 0 4"><span class='ocrx_word' id='word_1_200' title='bbox 0 0 1342 4009; x_wconf 95' lang='lat' dir='ltr'><strong> </strong></span> 
     </span>
    </p>
   </div>
  </div>
 </body>
</html>
