2675 4009
293 581 335 642 86
527 591 563 637 Μ.
582 589 652 636 Fan.
672 589 877 646 QUIN'l'ILIANl

294 739 489 799 contrahenda
507 739 608 812 oratio,
622 757 660 798 ne
677 739 766 816 judex
784 757 848 798 eam
867 733 911 797 vel
933 737 1094 819 intelligere

294 837 339 894 vel
353 855 456 913 capere
468 855 527 894 non
539 837 639 912 possit.

333 935 381 992 46.
409 933 539 1010 Tempus
551 953 665 1010 quoque
680 954 714 993 ac
733 935 815 992 iocus
835 943 920 1011 egent
939 933 1092 992 observati·

295 1049 351 1088 one
375 1031 499 1106 propria.
539 1031 617 1088 Nam
644 1043 674 1090 et
700 1041 812 1107 tempus
837 1040 899 1088 tum
918 1031 1008 1102 triste,
1028 1040 1091 1088 tum

293 1127 400 1197 laetum,
414 1136 476 1183 tum
488 1127 621 1201 liberum,
635 1139 697 1186 tum
712 1137 863 1206 angustum
883 1136 935 1198 est,
951 1137 1034 1202 atque
1054 1127 1091 1184 ad

293 1221 358 1280 hacc
384 1223 482 1281 omnia
507 1226 724 1301 componendus
750 1235 864 1282 orator:
897 1224 945 1281 47.
970 1217 1091 1282 et'iocc

292 1319 419 1396 publico,
430 1322 588 1398 privatone,
597 1323 716 1393 celebri,
732 1341 767 1378 an
781 1331 901 1388 secreto,
917 1320 1010 1378 aliena
1023 1319 1092 1378 civi·

292 1427 361 1490 tate,
382 1437 418 1475 an
444 1429 503 1491 tua,
525 1419 555 1476 in
575 1420 676 1476 castris
702 1411 839 1492 denique,¹
857 1435 893 1473 aa
918 1417 981 1474 soro
1001 1418 1090 1489 dicas,

294 1513 412 1572 interest
431 1515 594 1590 plurimum,
609 1533 644 1571 ac
663 1531 749 1569 suam
765 1511 890 1586 quidque
910 1512 1040 1584 formam,
1062 1521 1092 1572 et

291 1611 439 1685 proprium
465 1609 606 1683 quendam
633 1607 749 1664 modum
775 1607 945 1682 eloquentiae
979 1608 1091 1683 poscit:

293 1721 360 1760 curn
386 1703 472 1760 etiam
493 1703 523 1760 in
543 1702 647 1760 ceteris
668 1702 779 1760 actibus
798 1703 863 1760 vitae
883 1721 942 1760 non
962 1702 1039 1760 idem
1059 1704 1091 1762 iu

293 1797 366 1871 soro,
380 1799 470 1870 curia,
491 1817 603 1876 campo,
624 1799 744 1871 theatro,
766 1799 852 1868 domi,
873 1800 968 1857 facere
988 1817 1092 1859 conve·

292 1895 369 1966 niat;
391 1905 420 1954 et
432 1897 577 1973 pleraque,
591 1915 654 1972 quae
668 1906 770 1954 natura
782 1915 840 1954 non
855 1905 920 1954 sunt
940 1896 1090 1972 reprehen-
1191 1877 1192 1890 ἶ

292 1991 397 2065 denda,
413 2003 496 2069 atquc
510 1993 623 2051 interim
644 2005 710 2050 sunt
729 1993 900 2064 necessaria,
917 1993 984 2050 tlibi
1004 2011 1089 2068 quam

294 2105 356 2145 mos
367 2089 539 2164 permiserit,
554 2088 648 2164 turpia
661 2088 827 2146 habeantur.
868 2087 915 2145 48.
937 2087 1011 2144 Illud
1029 2087 1088 2163 jam

293 2183 428 2256 diximus,
443 2185 626 2260 quantoplus
639 2184 741 2241 nitoris
754 2193 783 2242 et
803 2184 897 2241 cultus
917 2183 1089 2240 demonstra·

293 2281 358 2338 tivae
384 2281 519 2350 materiae,
546 2291 579 2337 ut
606 2279 642 2336 ad
667 2281 885 2338 delectationem
914 2279 1087 2337 audientium

294 2375 468 2450 composite,
484 2393 579 2449 quam,
594 2393 657 2448 que
678 2386 744 2432 sunt
764 2376 794 2431 in
816 2385 881 2432 actu
901 2385 930 2433 et
950 2375 1088 2434 contenti·

293 2488 359 2539 one,
373 2469 508 2526 suasorie
519 2469 727 2546 judicialesque
740 2471 911 2545 permittant.

333 2563 402 2622 Hoc
428 2565 522 2622 adhuc
549 2565 750 2641 adjiciendum,
773 2566 881 2643 aliquae
908 2569 1087 2644 etiamque
1188 2555 1189 2560 ἵ

293 2671 360 2719 sunt
373 2661 495 2738 egregiae
509 2661 624 2719 dicendi
637 2663 764 2734 virtutes,
780 2681 837 2738 quc
850 2665 943 2722 minus
956 2666 1086 2737 deceant,

244 2775 255 2792 ··
293 2758 368 2817 effici
395 2758 560 2816 conditione
586 2777 745 2817 causarum.
792 2760 839 2818 49.
861 2761 909 2818 An
937 2762 1086 2837 quisquam

293 2855 390 2913 tulerit
409 2873 489 2913 reum
504 2855 533 2912 in
553 2854 720 2914 discrimine
741 2857 852 2934 capitis,
873 2857 1017 2933 precipue
1037 2856 1086 2932 qui

294 2951 369 3026 apud
394 2952 531 3010 victorem
557 2962 586 3010 et
610 2953 770 3029 principem
795 2973 847 3030 pro
867 2972 898 3011 sc
918 2954 978 3030 ipse
998 2952 1084 3025 dicat,

293 3046 434 3120 frequenti
459 3048 652 3120 translatione,
674 3048 747 3106 fictis
774 3059 821 3106 aut
840 3049 967 3125 repetitis
987 3067 1022 3107 ex
1041 3065 1085 3107 vc-

291 3151 398 3200 tuatate
423 3144 526 3215 verbis,
547 3144 763 3220 compositione,
785 3163 848 3220 quac
868 3145 906 3202 sit
925 3145 1048 3202 maxime
1067 3161 1084 3202 a

294 3239 402 3317 vulgum
415 3255 470 3297 usu
488 3249 608 3312 remota,
622 3239 840 3301 decurrentibus
852 3241 985 3318 periodis,
999 3257 1084 3316 qaam
