2675 4009
280 568 321 626 76
503 579 540 626 aa
558 577 627 624 nau
646 559 852 634 autunum

281 744 338 785 acc
360 727 435 804 jocis
460 727 603 800 lacrimas,
627 727 678 784 ubi
704 745 776 804 opus
802 725 857 784 crit
882 724 1075 798 miseratione,

281 823 464 882 necabimus.
517 826 544 881 7.
564 823 656 882 Nam·
669 834 787 882 ornatus
813 823 907 880 omnis
933 839 993 880 non
1017 833 1075 880 tem

281 939 343 991 sus,
358 940 443 996 quam
456 920 508 992 rei,
522 920 571 978 cui
586 920 745 993 adhibetur,
760 918 927 978 conditione
947 929 1074 976 constat:

281 1035 338 1074 uec
350 1017 415 1092 plus
427 1017 523 1090 refert,
537 1019 606 1093 quid
620 1017 712 1090 dicas,
726 1036 811 1092 quam
824 1035 883 1093 quo
901 1015 976 1074 loeo.
1018 1015 1076 1073 Sed

281 1122 373 1170 totum
399 1113 464 1186 hoc,
486 1123 550 1190 apte
569 1114 672 1187 dicere,
695 1133 752 1172 non
779 1113 940 1172 elocutionis
967 1122 1076 1170 tantum

281 1227 386 1285 genere
406 1222 528 1283 constat,
543 1212 650 1270 sedeat
663 1230 731 1268 cum
744 1212 902 1268 inunctione
915 1227 1075 1267 commune.

280 1305 358 1364 Nam
377 1307 402 1364 si
423 1319 532 1367 tautum
552 1310 658 1367 habeut
678 1309 764 1366 etiam
784 1308 871 1365 verba
892 1318 1076 1377 momentum,

281 1414 388 1478 quauta
412 1423 458 1462 res
484 1405 552 1481 ipsae
585 1405 695 1480 majusl
747 1403 881 1464 Quarum
907 1421 970 1476 quau
1004 1413 1078 1461 esset

281 1500 449 1572 observatio,
463 1501 523 1558 suis
536 1500 610 1557 locis
621 1499 744 1556 subinde
757 1498 939 1573 subjecimus

319 1595 347 1652 Θ.
374 1596 449 1652 Illud
463 1605 506 1652 est
518 1593 684 1669 diligentius
698 1593 869 1664 docendum,
882 1611 947 1650 eum
962 1592 1076 1650 dunum

281 1690 378 1748 dicere
405 1700 480 1766 apte,
500 1689 560 1763 qui,
581 1707 640 1746 non
659 1689 753 1746 solum
772 1689 844 1766 quid
868 1689 1006 1766 apodiat,
1027 1689 1078 1746 sed

281 1785 367 1844 etiam
392 1785 464 1861 quid
487 1785 593 1858 deum,
622 1784 786 1861 inspexerit.
827 1785 893 1844 Nec
920 1804 967 1844 me
993 1785 1075 1863 fugit,

280 1883 449 1960 plerumque
482 1882 546 1940 huc
575 1900 639 1943 esse
672 1883 835 1962 conjuncta
890 1881 968 1941 Nam
1002 1882 1077 1958 quod

281 1982 373 2053 decet,
402 1982 461 2040 lere
492 1983 626 2059 prodest:
659 2001 754 2060 neque
788 1982 845 2040 alio
870 1981 962 2058 magis
989 1978 1077 2038 animi

284 2079 413 2155 judicum
440 2079 602 2153 conciliari,
630 2091 689 2153 aut,
717 2081 742 2138 si
771 2095 817 2138 res
843 2079 873 2136 in
902 2078 1077 2136 contrarium

281 2175 355 2245 tulit,
365 2175 483 2234 alienari
496 2177 597 2234 solent.
638 2179 666 2234 9.
689 2175 855 2250 Aliquando
864 2185 961 2232 tamen
972 2184 1001 2232 et
1016 2173 1077 2230 haee

282 2271 459 2330 dissentiunt
504 2273 631 2334 Quoties
658 2283 753 2330 autem
779 2272 958 2347 pugnabunt,
987 2269 1078 2344 ipsam

282 2366 433 2424 utilitatem
446 2367 543 2425 vincet
562 2369 639 2442 quod
659 2369 751 2425 decet.
793 2365 869 2422 Nam
891 2365 956 2439 quis
975 2363 1077 2434 nescit,

282 2463 353 2520 nihil
368 2463 459 2539 magis
477 2463 668 2538 profuturumv
679 2463 712 2518 ad
736 2461 955 2518 absolutionem
965 2460 1078 2517 Socrati

283 2560 380 2631 luisse,
401 2558 531 2634 quamsi
552 2569 627 2616 esset
645 2577 715 2615 usus
742 2558 791 2614 illo
815 2557 946 2633 judiciali
973 2575 1079 2634 genere

283 2655 466 2725 defensionis,
493 2665 523 2712 et
549 2654 679 2712 oratioue
712 2653 864 2710 summissa
897 2654 1079 2710 conciliasset

285 2752 415 2827 judicum
436 2751 547 2809 animos
566 2751 630 2820 sibi,
652 2749 818 2824 crimenque
840 2749 932 2824 ipsum
956 2749 1098 2820 sollicite¹

282 2849 491 2925 redarguissetl
533 2848 578 2905 10.
599 2848 708 2904 Verum
722 2846 752 2904 id
772 2865 836 2904 eum
858 2846 977 2904 minime
997 2846 1080 2904 dece·

283 2944 349 3000 bat:
364 2945 485 3020 ideoque
498 2944 542 3001 sic
555 2944 623 3020 egit,
638 2943 730 3017 utqui
743 2961 856 3018 poenam
871 2961 952 2999 suam
967 2943 1080 2999 honori·

283 3040 337 3095 bus
349 3041 467 3096 summis
480 3051 555 3097 esset
575 3041 773 3097 aestimaturus.
816 3038 920 3096 Maluit
941 3039 1017 3096 enim
1037 3039 1079 3096 vir

283 3135 519 3210 sapientissimus,
534 3136 611 3210 quod
624 3147 784 3212 superesset
797 3154 833 3192 ex
852 3135 919 3207 vita,
934 3135 989 3192 sibi
1009 3135 1081 3212 peri·

283 3249 325 3303 re,
339 3249 424 3307 quam
436 3231 512 3305 quod
526 3232 705 3306 preterisset.
747 3231 786 3290 Et
799 3231 914 3306 quando
934 3233 970 3288 ab
991 3231 1081 3288 homi·

284 3329 368 3390 nibus
380 3329 426 3390 sui
445 3329 580 3406 temporis
598 3349 700 3408 uuum
720 3330 942 3408 intelligebatur,
955 3339 1082 3407 postero·
