2675 4009
469 567 553 614 uus'r.
573 568 713 616 oraison.
735 567 797 615 urs.
820 569 863 615 xr.
882 570 904 616 a.
1027 559 1086 620 ’99

287 735 360 790 mus,
373 719 563 795 praeterfluat:
584 728 614 777 et
624 719 838 796 exemplorum,
852 720 959 798 legum,
973 737 1088 795 respon·

286 833 393 887 sorum,
433 817 577 873 dictorum
609 817 733 892 denique
772 817 971 892 factorumque
1010 816 1088 873 velut

286 913 424 986 quasdam
451 913 559 987 copias,
587 913 691 987 quibus
720 915 874 986 abundare,
902 931 1029 989 quasque
1056 912 1087 970 in

284 1019 399 1084 promtu
426 1028 538 1084 semper
562 1009 666 1067 habere
687 1011 772 1068 debet
791 1022 896 1083 orator,
917 1011 1017 1069 eadem
1038 1009 1087 1067 illa

285 1106 329 1162 vis
349 1116 539 1181 repraesentat.
580 1106 686 1182 Neque
706 1108 849 1165 immerito
868 1109 1017 1166 thesaurus
1037 1107 1086 1164 hio

285 1203 449 1278 eloquentie
476 1203 589 1261 dieitur,
637 1205 666 1262 2,
697 1204 755 1261 Sed
781 1223 840 1261 non
868 1205 948 1263 firme
974 1214 1086 1262 tantum

286 1298 445 1372 eontinere,
459 1319 556 1357 verum
571 1300 658 1358 etiarn
673 1301 732 1357 cito
744 1301 891 1376 percipere
905 1301 995 1358 multa
1009 1313 1086 1358 uotu-

285 1415 333 1454 ros
358 1409 478 1474 oportet,
505 1418 561 1457 neo
587 1419 650 1474 quae
685 1399 833 1476 scripseris
866 1400 952 1456 modo
985 1399 1086 1458 iterata

284 1493 409 1553 ieotioue
422 1496 584 1573 eompleoti,
598 1497 649 1554 sed
663 1496 694 1554 in
708 1495 842 1574 cogitatis
856 1515 970 1571 quoque
989 1514 1086 1554 rerum

285 1609 320 1648 uo
339 1593 491 1650 verborum
511 1603 678 1650 contextum
698 1593 798 1668 sequi:
827 1603 865 1666 et,
887 1612 950 1669 quas
971 1593 1028 1650 sint
1049 1593 1085 1650 ab

284 1687 401 1746 adversa
419 1699 500 1765 parte
520 1689 607 1762 dieta,
628 1690 809 1748 meminisse:
837 1709 893 1748 neo
913 1689 1013 1765 utique
1039 1709 1083 1763 ea,

283 1803 342 1860 quo
367 1786 445 1842 diota
471 1796 538 1843 sunt
557 1787 667 1858 ordine,
689 1787 823 1859 refutare,
844 1787 895 1844 sed
916 1787 1084 1863 opportunis

283 1881 357 1939 loeis
369 1901 485 1957 ponere.
526 1882 553 1939 3.
573 1882 677 1944 Quidt
698 1883 897 1959 extemporalis
917 1884 1010 1942 oratio
1029 1902 1085 1942 neo

285 1977 341 2034 aiio
361 1977 433 2034 mihi
452 1978 564 2035 videtur
583 1979 688 2036 mentis
707 1979 806 2055 vigore
827 1989 966 2036 constare.
1007 1979 1085 2038 Nam

283 2075 352 2131 dnm
380 2075 435 2134 aliu
454 2075 588 2146 dicimus,
609 2094 673 2150 quae
694 2075 798 2132 dioturi
819 2093 927 2146 sumus,
948 2075 1087 2134 intuenda

283 2182 366 2230 sunt:
395 2173 435 2230 ita
461 2191 528 2230 oum
555 2190 665 2248 semper
693 2172 830 2249 cogitatio
853 2171 928 2229 ultra
947 2171 987 2239 id,
1009 2173 1086 2247 quod

283 2281 336 2340 est,
351 2272 466 2349 longius
479 2271 589 2347 quaerit,
604 2271 743 2347 quidquid
758 2270 872 2328 interim
886 2271 1001 2347 reperit,
1016 2291 1086 2347 quo-

282 2371 435 2428 dammodo
464 2369 539 2446 apud
566 2369 735 2427 memoriam
756 2368 891 2444 deponit:
927 2369 1004 2445 quod
1024 2369 1083 2443 ilia,

273 2467 363 2544 'quusi
378 2467 473 2525 media
486 2466 616 2542 quaedam
632 2483 742 2537 manus,
758 2475 907 2542 acceptum
930 2466 975 2523 ab‘
986 2466 1084 2524 inven-

281 2565 360 2622 tione
385 2565 472 2622 tradit
498 2564 665 2622 elocutioni.
706 2563 734 2621 4.
756 2562 823 2621 Non
846 2563 966 2620 arbitror
987 2573 1082 2622 autern

281 2663 352 2718 mihi
366 2663 396 2718 in
411 2663 466 2718 hoo
480 2661 701 2732 immorandum,
716 2660 785 2735 quid
799 2660 845 2731 sit,
860 2659 936 2734 quod
951 2660 1082 2717 memori·

283 2777 327 2815 am
349 2759 453 2816 faeiat:
474 2777 638 2834 quanquam
657 2757 786 2832 plerique
806 2755 931 2831 imprimi
952 2756 1081 2830 quaedam

282 2854 402 2930 vestigia
430 2855 535 2926 animo,
555 2855 634 2912 velut
660 2855 691 2911 in
712 2853 786 2911 oeris
807 2852 978 2909 annulorum
998 2853 1082 2930 signa

281 2961 438 3022 serventur,
453 2951 622 3009 existimant.
663 2949 768 3026 Neque
789 2968 838 3008 ero
858 2959 917 3006 tarn
937 2951 1080 3023 credulus,

281 3058 314 3106 ut
341 3051 422 3124 quasi
448 3049 548 3105 habitu
568 3048 723 3106 tardiorem
744 3047 955 3122 firmioremque
975 3067 1082 3106 memo·

280 3145 352 3203 riam
374 3145 435 3202 fieri
454 3154 560 3220 putem.
601 3147 629 3202 5.
651 3144 723 3221 Ejus
745 3153 848 3214 autem,
869 3143 945 3218 quod
968 3145 1002 3200 ad
1024 3145 1083 3202 aui·

280 3261 359 3302 mum
385 3243 518 3318 pertinet,
546 3241 639 3319 magis
666 3241 788 3298 admirer
814 3250 954 3309 naturum,
988 3240 1083 3298 subito

279 3358 327 3399 res
340 3348 475 3412 vetustas,
490 3348 571 3397 tanto
585 3355 621 3396 ex
634 3336 784 3395 intervallo
803 3335 949 3413 repetitas,
963 3333 1084 3394 reddere
