2675 4009
449 605 864 666 ursa.omu0n.nrs.x.1.
1018 595 1058 655 33

257 755 355 816 Habet
388 768 539 830 amatores,
565 776 622 816 nec
655 758 832 829 imitatores3
865 766 898 814 ut
931 753 1057 827 libertas,

256 874 420 932 quanquam
441 855 621 914 circumcisis
641 876 705 932 quae
725 856 853 927 dixisset,
868 854 895 913 ei
915 853 1056 912 nocuerit.

254 951 442 1012 sauciatum
463 953 577 1010 abunde
596 953 738 1029 spiritum,
752 963 781 1011 et
803 953 926 1011 audaces
946 961 1059 1009 senten-

233 1110 237 1116 ,
256 1048 311 1109 tias
324 1048 521 1126 deprehendas
534 1043 621 1106 etiam
636 1050 666 1107 in
681 1049 725 1121 iis,
737 1068 801 1125 quae
815 1059 940 1107 manent.
982 1048 1059 1106 Sunt

256 1157 286 1204 et
307 1147 356 1205 alii
376 1147 531 1222 scriptores
550 1146 635 1203 boni:
657 1146 708 1204 sed
729 1165 781 1204 nos
801 1165 909 1225 genera
928 1145 1060 1223 degusta·

257 1263 332 1315 mus,
346 1263 405 1301 non
419 1243 609 1301 bibliothecas
623 1242 793 1301 excutimus.
934 1213 1058 1292 ‘2⁷th

299 1341 364 1399 1⁰5.
397 1340 535 1399 Oratores
550 1359 617 1398 vero
631 1339 675 1398 vel
689 1339 835 1416 praecipue
849 1339 982 1398 Latinam
1002 1340 1060 1397 elo-
1095 1405 1098 1412 Δ

257 1438 404 1514 quentiam
429 1457 528 1515 parem
556 1438 651 1496 lacere
678 1437 789 1496 Graecae
812 1435 931 1513 possint.
981 1435 1060 1494 Nam

259 1535 419 1595 otacrum
433 1536 599 1613 cuicunque
612 1554 713 1594 eorum
734 1534 847 1593 sortiter
867 1533 1059 1611 opposuerim.

257 1631 324 1693 Nec
349 1633 459 1711 ignoro,
487 1645 623 1710 quantam
650 1633 722 1690 mihi
750 1632 896 1691 concitem
922 1649 1060 1709 pugnam,

257 1748 325 1788 cum
338 1731 496 1807 praesertim
509 1751 569 1789 non
589 1730 627 1790 sit
647 1731 677 1788 id
696 1730 845 1808 propositi,
860 1739 892 1787 ut
912 1747 979 1788 eum
1000 1728 1062 1788 Dc·

257 1829 392 1887 mosum·
411 1848 576 1905 comparem
603 1828 660 1886 hoc
687 1839 833 1905 tempore:
861 1846 956 1903 neque
983 1826 1061 1885 enim

259 1927 370 1993 attinet,
392 1945 460 1984 oum
486 1925 713 1984 Demosthenem
735 1924 875 2002 imprimis
895 1924 1061 2002 legendum,

145 2033 153 2046 ·
258 2022 302 2079 vel
329 2023 518 2080 ediscendum
544 2022 640 2098 potins
666 2032 774 2097 putem.
829 2021 1062 2082 lacunosum

258 2136 315 2196 ego
327 2117 446 2175 virtutes
458 2119 608 2194 plerasque
623 2118 743 2174 arbitror
764 2117 882 2188 similes,
898 2117 1061 2188 consilium,

144 2225 153 2245 '
257 2215 389 2274 ordinem
416 2214 572 2286 dividendi,
598 2213 788 2292 praeparandi,
811 2213 951 2290 probandi
978 2212 1063 2270 ratio·

257 2332 334 2385 nem,
362 2312 496 2390 denique,
524 2330 588 2387 quoe
621 2321 688 2370 sunt
721 2311 902 2370 inventionis.
943 2310 979 2368 In
1005 2309 1063 2368 elo-

258 2410 373 2487 quendo
399 2421 442 2468 est
470 2410 565 2486 aliqua
591 2409 756 2468 diversitas:
785 2408 899 2468 densior
927 2409 985 2481 ille,
1013 2408 1062 2466 hic

258 2508 419 2584 copiosior3
451 2507 500 2566 ille
527 2507 676 2566 concludit
704 2507 858 2579 astrictius,
886 2507 935 2565 hic
956 2507 1060 2578 latius3

257 2615 367 2683 pugnat
378 2605 426 2662 ille
441 2605 574 2663 acumine
588 2623 709 2680 semper,
719 2605 768 2662 hic
783 2605 944 2680 frequenter
954 2615 983 2662 et
993 2623 1063 2682 pon-

258 2702 346 2773 derc3
367 2702 409 2759 illi
429 2702 501 2759 nihil
523 2702 632 2760 detrahi
653 2711 757 2777 potest,
772 2701 841 2758 huic
860 2701 932 2758 nihil
956 2701 1041 2777 adjici
1052 2723 1060 2774 ;

259 2817 335 2857 curre
355 2799 421 2875 plus
441 2799 471 2856 in
493 2799 552 2871 illo,
568 2799 598 2856 in
618 2797 676 2856 hoc
696 2809 813 2856 naturae.
858 2800 923 2856 107.
945 2798 1061 2856 Salibus

260 2906 348 2967 certe,
362 2906 391 2954 et
404 2897 665 2967 commiseratione,
677 2895 726 2970 qui
740 2895 798 2952 duo
810 2895 966 2971 plurimum
979 2895 1062 2954 affec·

260 2999 307 3048 tus
333 2992 436 3065 valent,
457 2993 608 3052 vincimus.
650 2992 690 3050 Et
717 2991 835 3050 tortasse
862 2993 991 3072 epilogos
1018 2993 1061 3052 illi

260 3107 323 3148 mos
343 3089 466 3149 civitatis
488 3091 653 3150 abstulerit:
681 3091 732 3150 sed
759 3100 788 3149 et
813 3091 897 3148 nobis
918 3091 976 3164 illa,
998 3113 1061 3168 quaa

261 3186 355 3244 Attici
380 3188 529 3260 mirantur,
558 3189 669 3246 diversa
695 3187 793 3246 Latini
820 3189 961 3246 sermonis
988 3189 1061 3246 ratio

258 3287 355 3387 prinus
368 3287 537 3363 permiserit.
578 3286 613 3345 In
624 3287 751 3363 epistolis
762 3287 889 3364 quidem,
898 3305 1061 3363 quanquam

259 3375 326 3446 sitiit
339 3385 500 3463 utriusque,
514 3384 682 3464 dialogisre,
697 3385 802 3462 quibus
814 3384 887 3444 nihil
908 3383 968 3456 ille,
982 3383 1063 3443 nulla
1088 3456 1090 3460 .
