2675 4009
443 591 526 638 nisu.
545 589 682 638 omuon„
702 588 764 638 mu.
782 589 825 637 xi.
843 591 866 638 s.
991 576 1049 644 '1⁴5

255 755 401 816 uunquam
414 759 472 800 uon
486 741 589 818 frigide
603 741 718 799 reditur.
759 741 826 798 134.
841 738 934 798 Multo
946 756 982 799 ex
993 741 1048 814 his,

257 855 318 912 que
337 839 529 914 precipimus,
551 837 653 894 mutari
672 855 791 895 necesse
817 847 860 895 est
880 838 916 894 ab
935 837 980 909 iis,
1000 837 1049 913 qui

255 933 355 993 dicunt
369 935 443 1010 apud
457 933 617 990 tribunalia.
658 933 736 991 Num
755 944 784 992 et
803 935 898 992 vultus
917 934 1048 1006 erectior,

255 1039 287 1087 nt
300 1049 377 1101 eum,
393 1029 468 1105 apud
481 1045 564 1103 quem
579 1028 695 1098 dicitur,
710 1039 834 1104 spectet3
849 1040 877 1088 et
896 1039 1003 1108 gestus,
1016 1043 1049 1088 ut

257 1127 291 1184 ed
318 1126 590 1195 eundem-tendens,
612 1123 713 1181 elatior
732 1125 780 1196 sit,
800 1144 918 1184 necesse
937 1137 999 1198 est3
1019 1133 1049 1184 et

258 1221 321 1292 ulia,
337 1240 399 1296 quc
420 1237 580 1290 occurrere,
601 1220 686 1277 etiarn
707 1237 754 1277 mc
773 1230 895 1294 tacente,
916 1223 1048 1280 omuibus

256 1325 381 1394 possunt.
422 1315 560 1390 Idemque
586 1317 621 1372 ab
649 1316 694 1389 iis,
722 1315 771 1392 qui
797 1317 928 1374 sedentes
955 1328 1047 1394 egent.

256 1413 332 1471 Nom
346 1422 375 1470 et
388 1413 447 1470 fere
460 1413 491 1470 fit
505 1413 562 1470 hoc
575 1412 605 1470 in
618 1413 705 1470 rebus
719 1412 892 1470 minoribus:
913 1423 943 1470 et
962 1413 1050 1471 iidem

256 1510 377 1585 inpetus
404 1509 524 1567 actionis
551 1527 691 1568 essenon
717 1518 845 1586 possunt,
866 1518 895 1567 et
921 1509 1050 1584 quiedam

144 1631 145 1636 ¹
255 1605 407 1664 vitiefiunt
421 1607 590 1664 necessarie.
633 1607 698 1664 135.
720 1605 797 1664 Nam
817 1616 846 1664 et
859 1607 1050 1682 dexterpesc

215 1723 222 1740 ⁴
256 1703 326 1762 leve
336 1702 442 1780 judicis
455 1703 565 1760 sedenti
585 1703 773 1779 proferendus
792 1713 844 1775 est,
859 1713 888 1762 et
907 1721 943 1761 ex
963 1703 1051 1760 ultera

150 1833 152 1838 ·
255 1808 335 1875 purte
349 1798 430 1855 multi
444 1809 540 1875 gestus
554 1815 673 1856 necesse
692 1809 735 1855 est
755 1799 785 1856 in
805 1800 952 1857 sinistrum
971 1809 1048 1871 eant,

257 1903 289 1952 ut
309 1894 344 1951 ud
362 1893 489 1969 judicem
509 1903 646 1968 spectent.
688 1893 832 1968 Equidem
850 1895 1001 1969 plerosque
1021 1903 1051 1953 et

259 1989 294 2048 ed
314 1989 441 2066 singulas
468 1985 673 2046 sententiarum
694 1989 838 2046 clausulas
856 1989 940 2046 video
961 2008 1052 2047 assur·

258 2093 367 2164 gentes,
383 2095 411 2142 et
425 2085 578 2142 nonnullos
592 2084 714 2142 subinde
735 2084 842 2159 aliquid
861 2085 947 2142 etism
967 2086 1053 2160 sputi·

259 2191 355 2242 untes:
383 2181 460 2256 quod
488 2199 524 2238 au
551 2181 661 2252 decent,
683 2179 738 2255 ipsi
763 2180 901 2238 viderint:
928 2199 994 2238 cum
1021 2180 1051 2239 io

257 2279 375 2352 fuciunt,
384 2277 585 2337 consedentes
599 2287 694 2355 agunt.
737 2277 801 2335 136.
821 2277 1054 2350 Bidmmuteti·

257 2395 303 2435 un
316 2395 372 2435 csse
385 2375 458 2434 iuter
479 2374 630 2452 egendum,
645 2373 722 2449 quod
736 2373 834 2432 multis
846 2374 936 2432 moris
949 2374 1010 2447 fuit,
1024 2383 1054 2433 et

258 2483 303 2533 est
314 2471 537 2550 quibusdam‚nb
547 2481 658 2529 oratore
672 2489 737 2528 meo
748 2472 848 2547 procul
864 2471 943 2530 absit„
976 2471 1007 2529 N
1009 2491 1054 2529 am

258 2569 284 2628 si
303 2570 367 2646 quie
389 2569 469 2628 aliter
492 2567 608 2626 dicendi
628 2585 718 2626 onera
735 2567 862 2644 perferre
874 2587 933 2625 non
952 2569 1052 2643 possit,

258 2685 318 2724 uon
352 2664 392 2722 itu
424 2665 558 2723 miserum
596 2674 640 2722 est
678 2682 738 2721 non
777 2681 871 2740 cgere,
903 2664 1055 2739 potiusque

260 2761 360 2834 multo,
381 2779 466 2837 quem
492 2771 522 2820 et
547 2761 641 2838 operis
661 2770 691 2820 ct
709 2759 858 2818 hominum
878 2768 1054 2816 contemtum

261 2857 352 2918 fateri.

301 2955 366 3013 1³⁷.
396 2953 497 3012 culcio
510 2970 569 3011 uon
589 2964 632 3012 est
649 2953 782 3030 proprius
801 2950 923 3010 ormoris
942 2951 1053 3034 uliquis,

261 3050 312 3110 sed
333 3049 424 3127 magis
443 3049 473 3107 in
494 3059 604 3108 oratore
625 3049 808 3126 conspicitur.
847 3047 949 3110 Quare
961 3049 1007 3121 sit,
1021 3059 1056 3109 ut

262 3147 395 3208 omuibus
407 3146 533 3206 honestis
546 3145 631 3204 debet
644 3165 716 3218 esse,
731 3145 897 3222 splendidus
909 3155 938 3204 et
956 3145 1053 3203 virilis.

262 3243 341 3306 Nem
353 3251 389 3303 et
408 3251 490 3321 iugc„
505 3251 534 3300 et
554 3239 679 3315 edesus,
693 3252 722 3301 et
740 3242 870 3319 capillus,
888 3251 946 3300 tum
965 3240 1056 3300 nimie

262 3359 344 3416 curu,
376 3357 462 3418 quem
494 3338 681 3418 negligentis,
713 3351 782 3397 suut
812 3336 1053 3417 reprehendendi.
