2675 4009
278 577 337 641 itt
500 587 536 635 sa.
556 585 625 634 ras.
643 585 849 644 summram

273 737 385 815 plenus,
406 737 516 796 nullum
537 737 636 795 afferre
657 736 760 794 animis
778 745 888 794 motum
906 744 1018 812 potest:
1044 743 1075 793 et

274 833 323 893 ilia
348 833 511 911 praetenuis,
538 841 567 890 et
593 833 756 892 immodicas
775 833 922 905 claritatis,
942 849 1010 889 oum
1028 841 1076 889 ost

274 931 349 989 ultra
380 949 488 1001 verum,
514 939 575 987 turn
601 947 696 1004 nequa
720 929 959 1006 pronunciatione
984 927 1073 1000 flesti,

275 1015 369 1102 neque
382 1022 489 1083 diutius
503 1025 576 1084 serre
588 1025 777 1083 intentionem
790 1035 891 1101 potest.
932 1025 980 1082 42.
994 1023 1024 1081 N
1026 1043 1073 1082 am

275 1141 340 1194 ror,
353 1131 386 1179 ut
398 1122 488 1195 nervi,
502 1140 560 1197 quo
572 1122 728 1193 remissior,
742 1121 797 1179 hoo
810 1121 922 1198 gravior
934 1131 965 1178 et
982 1120 1075 1197 ploni-¹

275 1235 326 1276 or:
347 1237 404 1294 quo
423 1219 540 1290 tensior,
562 1218 619 1276 hoo
637 1218 734 1276 tenuis
753 1227 783 1276 et
803 1227 889 1276 acuta
907 1217 1000 1294 magis
1019 1227 1071 1275 ast

275 1313 327 1372 Sio
341 1315 398 1373 ima
417 1315 474 1373 rim
494 1331 552 1373 non
572 1315 667 1386 habet,
688 1331 800 1372 summa
818 1314 912 1390 rumpi
930 1313 1073 1389 parioiita·

275 1419 329 1472 tur.
377 1410 484 1470 Mediis
510 1429 579 1488 ergo
605 1411 744 1468 utendum
769 1410 864 1481 sonis3
892 1410 978 1484 hique
1004 1427 1071 1468 oum

276 1507 408 1585 augenda
428 1507 587 1565 intentione
606 1505 770 1579 excitandi‚·
781 1523 848 1563 oum
868 1505 1072 1564 summittenda

275 1613 342 1662 aunt
354 1602 538 1678 temperandi.

313 1697 361 1755 43.
388 1697 419 1755 N
421 1717 466 1755 aru
478 1698 570 1773 prima
586 1707 630 1756 est
643 1698 804 1756 observatio
822 1707 901 1757 raota
919 1698 1072 1774 pronunoi·

277 1793 353 1865 andi,
373 1793 534 1870 aquatius,
561 1811 599 1852 ne
626 1813 721 1852 sermo
745 1795 887 1853 subsultet
914 1795 1071 1871 imparibus

275 1889 373 1968 spatiis
401 1890 542 1963 ausonis,
562 1891 687 1949 misoens
705 1891 793 1970 longa
812 1891 953 1963 brevibus,
974 1891 1071 1968 gravia

277 1987 378 2059 acutis,
406 1987 481 2046 olata
506 1987 676 2061 summissis,
696 1999 726 2047 et
752 1989 943 2065 inaequalitate
969 1988 1070 2046 horum

275 2083 414 2157 omnium,
429 2084 504 2142 siout
516 2085 631 2162 pedum,
646 2085 798 2144 olaudioet„
840 2084 975 2144 Secunda
993 2085 1072 2143 auri·

276 2188 346 2254 atas,
368 2181 444 2258 quod
470 2181 563 2239 solum
585 2192 629 2240 est
647 2181 856 2258 pronunciatio.
896 2181 945 2238 44.
966 2182 1014 2239 Ao
1032 2197 1072 2239 no

275 2277 340 2352 quis
351 2295 479 2354 pugnare
499 2276 573 2334 inter
593 2295 624 2334 se
643 2287 724 2352 putot
743 2277 932 2351 equalitatem
951 2287 981 2333 et
1000 2277 1071 2334 vari·

275 2378 395 2440 etatem3
423 2389 489 2427 oum
516 2370 558 2427 iili
583 2371 681 2427 virtuti
706 2371 881 2427 contrarium
905 2370 1005 2426 vitium
1032 2371 1070 2426 sit

275 2463 462 2539 inaequalitas‚
490 2463 569 2535 huio,
596 2464 645 2538 qui
679 2464 784 2520 dicitur
808 2463 960 2535 μονοειδὴς,
987 2464 1069 2540 quasi

275 2559 391 2637 quidam
403 2577 478 2616 unus
492 2569 631 2635 aspectus.
672 2559 731 2616 Ars
748 2577 834 2635 porro
852 2560 980 2618 variandi
1000 2579 1069 2619 auur

275 2657 395 2736 gratiam
415 2655 532 2732 praebot,
549 2675 583 2714 ao
602 2666 720 2714 renovat
740 2675 831 2729 aures,
844 2667 906 2714 tum
925 2657 1069 2716 dicentem

276 2755 338 2831 ipsa
349 2753 455 2813 laboris
468 2752 743 2811 mutationerelioit:
763 2763 796 2810 ut
806 2754 909 2825 standi,
925 2754 1070 2812 ambulan-

276 2849 316 2923 di,
337 2849 464 2922 sedendi,
489 2849 604 2926 jacendi
622 2850 701 2908 vinos
726 2860 802 2921 sunt,
822 2850 951 2926 nihilque
970 2868 1069 2908 eorum

275 2947 336 3024 pati
355 2965 445 3006 unum
464 2946 515 3004 din
534 2965 693 3022 possumus.
733 2947 781 3005 45.
802 2945 878 3004 Illud
896 2964 964 3004 vero
982 2945 1070 3004 maxi·

276 3059 366 3115 mum,
376 3041 440 3120 (sed
454 3043 483 3100 id
495 3043 654 3120 paulopost
667 3043 869 3122 tractabimus)
880 3043 957 3119 quod
969 3061 1069 3102 seeum

178 3209 180 3214 .
277 3137 347 3196 dum
359 3139 498 3197 rationem
520 3157 625 3211 rerum,
640 3139 676 3197 de
695 3139 798 3215 quibus
817 3138 949 3211 dicimus,
964 3139 1069 3196 animo

277 3253 398 3312 rumque
424 3234 548 3307 habitus,
575 3235 781 3294 conformanda
813 3253 867 3292 ror
892 3245 944 3306 est,
970 3251 1008 3293 na
1034 3235 1069 3292 ab

277 3333 406 3394 oratione
431 3331 583 3393 discordet.
625 3334 756 3394 vitamus
781 3332 869 3412 igitur
894 3333 981 3406 illam,
1007 3349 1069 3409 qua
