2675 4009
307 578 364 638 lttt
543 586 578 634 Μ.
597 540 894 642 russeum-rimam
989 654 993 663 ,

303 755 375 809 run,
396 755 451 796 nost
477 735 517 794 nd
540 754 683 794 numeram
701 733 1103 804 numerumnunerum

303 834 396 908 magis
423 841 480 892 toto
504 852 533 890 sa
558 832 618 908 ipsa
643 831 798 902 manans,
822 838 850 888 at
869 828 951 888 uirili
977 829 1101 886 datm

301 929 430 1007 flexione.
473 929 537 987 123.
559 928 665 986 Femur
686 928 780 1000 ferire,
801 926 878 1002 quod
898 924 1023 984 Athenis
1040 924 1101 1002 pri-

303 1045 366 1084 rnus
393 1025 494 1084 senisse
521 1025 645 1082 ereditur
666 1024 768 1094 Cleon,
788 1034 818 1080 et
837 1022 974 1080 usitatum
993 1030 1046 1091 est,
1068 1030 1099 1078 et

303 1121 484 1198 indignantes
509 1122 603 1193 deest,
623 1130 652 1178 et
671 1119 777 1178 excitet
796 1119 964 1177 auditorem.
1004 1116 1098 1192 quue

302 1216 332 1274 in
352 1217 466 1276 Calidio
486 1217 593 1278 Cioero
612 1217 764 1287 desiderat,
784 1215 852 1274 Nou
870 1213 971 1291 frons,
992 1213 1096 1289 inquit,

303 1331 451 1388 percussu,
471 1333 526 1374 non
544 1315 652 1391 senar.
693 1308 881 1388 Quanquam,
908 1310 933 1368 si
959 1309 1038 1382 lieet,
1059 1309 1098 1368 de

301 1409 393 1469 fronte
413 1411 558 1470 dissentio.
599 1409 678 1468 Num
697 1409 784 1466 etium
797 1406 981 1483 complodere
994 1425 1097 1464 manus

301 1507 449 1566 soenionm
481 1517 533 1577 est,
561 1517 590 1564 et
622 1515 725 1581 pectus
757 1504 876 1562 oaedere.
927 1503 993 1560 124.
1018 1501 1097 1560 Illud

300 1621 413 1677 qnoque
432 1621 497 1660 raro
515 1601 639 1672 decebit,
660 1619 732 1658 ouva
751 1619 839 1658 mann
857 1588 979 1659 summis
997 1599 1097 1676 digitis

298 1709 400 1772 peetus
426 1707 567 1773 oppetere,
594 1697 619 1754 si
645 1696 759 1772 qnando
785 1706 898 1754 nosmet
922 1696 1002 1772 ipsos
1028 1695 1097 1754 ullo-

299 1792 422 1867 quimur,
456 1792 645 1864 cohortantes,
680 1792 875 1870 objurgantes,
907 1792 1094 1852 miserantes:

299 1889 375 1964 quod
395 1889 420 1947 si
440 1889 554 1965 qnando
573 1889 631 1962 fiet,
652 1899 750 1966 togam
769 1906 884 1964 quoque
909 1887 978 1946 inde
1004 1906 1096 1946 remo-

298 1987 358 2045 veri
384 2005 443 2046 non
475 1986 632 2046 dedecebit.
686 1985 722 2044 ln
755 1986 876 2062 pedibus
907 1985 1095 2046 observantur

298 2093 388 2144 status
400 2093 428 2142 et
449 2084 585 2142 incessus.
626 2082 742 2140 Prolato
761 2082 861 2140 dextro
880 2091 965 2153 stare,
979 2092 1009 2140 et
1028 2101 1096 2142 ean·

297 2180 364 2240 dem
389 2199 505 2240 manum
533 2199 566 2240 ao
592 2179 696 2255 pedem
727 2179 862 2254 prolerre,
888 2178 1015 2236 deforme
1040 2189 1092 2240 est

299 2278 365 2336 125.
391 2276 427 2336 In
446 2277 575 2334 dextrum
596 2275 762 2334 inoumbere
788 2273 904 2334 interim
928 2274 1022 2347 datur,
1042 2275 1095 2336 sed

297 2392 380 2448 equo
398 2383 530 2448 pectore:
552 2372 601 2446 qni
621 2382 717 2428 tumen
736 2371 866 2428 comicus
884 2370 986 2448 magis,
1007 2391 1093 2446 quun

296 2467 437 2526 oratorius
462 2477 559 2542 gestus
585 2476 636 2524 est
678 2465 757 2522 Male
782 2466 869 2524 stium
895 2467 927 2526 in
946 2467 1094 2529 sinistrum

296 2564 398 2641 pedem
431 2562 620 2620 insistentium
654 2562 752 2620 dexter
785 2573 835 2620 aut
868 2563 1015 2636 attollitur,
1043 2577 1094 2624 aut

295 2659 416 2718 summis
448 2657 545 2736 digitis
585 2657 777 2734 suspenditur.
830 2659 969 2718 Variuare
1006 2679 1093 2736 supra

297 2757 424 2829 modum,
439 2766 468 2814 et
488 2756 518 2814 in
538 2755 639 2814 stando
659 2754 786 2812 deforme
805 2766 858 2827 est,
879 2766 918 2827 et,
934 2757 1091 2814 accedente

298 2865 387 2926 motu,
407 2871 495 2932 prope
522 2853 687 2910 obscenum.
730 2853 795 2910 126.
816 2851 970 2910 Proonrsio
989 2871 1092 2930 oppor-

298 2958 368 3008 tuna
380 2950 482 3021 brevis,
493 2950 648 3019 moderata,
659 2967 730 3006 rare
765 2949 925 3006 Conveniet
932 2949 1019 3007 etiam
1033 2968 1093 3008 um·

298 3044 407 3102 bulatio
426 3045 565 3120 quadarn,
578 3055 693 3121 propter
714 3044 881 3104 immodicus
894 3045 1092 3105 laudationum

299 3159 409 3200 morus:
430 3160 591 3217 quanquam
604 3141 709 3200 Cicero
720 3161 819 3198 rosum
837 3142 982 3214 incusum,
995 3160 1091 3217 neque

298 3239 338 3298 ita
363 3238 482 3313 longum
508 3239 616 3312 probat.
657 3237 828 3296 Disonrsare
854 3256 931 3310 vero,
952 3248 991 3311 et,
1011 3237 1091 3314 qnod

299 3334 442 3394 Dornitius
468 3333 539 3392 Aser
565 3333 601 3392 de
621 3334 697 3393 Sura
716 3332 818 3393 Mallio
844 3334 926 3407 dixit,
945 3342 1090 3412 satagere,
