2675 4009
446 591 528 639 INS'P.
548 591 685 639 ORATOR.
704 591 765 638 uu.
784 593 815 640 X.
833 593 856 638 2.
1009 585 1050 645 45

255 740 353 820 generi
379 739 560 814 dediderunt,
587 753 620 800 ut
645 742 671 800 si
705 742 840 818 asperitas
872 739 908 800 iis
939 741 1048 818 placuit

256 839 385 915 aiicujus,
399 839 475 897 hane
487 839 574 897 etiam
587 839 618 896 iu
631 839 690 896 leni
705 859 738 896 ae
758 839 877 896 remisso
897 857 1046 896 causarum

254 955 358 1014 genere
371 955 429 994 non
444 946 567 994 exuant:
587 935 613 992 si
632 937 760 994 tenuitas
777 955 811 994 ao
828 937 1001 1013 jucunditas,
1016 937 1047 994 in

254 1033 360 1109 asperis
373 1034 562 1110 gravibusque
581 1033 683 1091 oausin
694 1033 813 1110 ponderi
833 1051 927 1092 rerum
946 1051 1046 1111 parum

252 1130 456 1205 respondeant:
478 1147 544 1185 eum
555 1129 592 1186 sit
605 1129 716 1186 diversa
728 1149 786 1187 uon
797 1149 946 1188 causarum
960 1131 1046 1188 modo

253 1224 327 1283 inter
340 1226 416 1300 ipsas
429 1225 566 1297 eonditio,
581 1225 631 1283 sed
651 1226 682 1282 in
702 1225 823 1302 siugulis
843 1227 930 1284 etiam
951 1228 1046 1284 nausis

251 1321 391 1397 partium;
418 1322 531 1397 sintque
558 1322 614 1379 alia
638 1321 750 1392 leniter,
773 1321 828 1378 alia
855 1341 962 1397 aspere,
990 1323 1047 1381 alia

252 1418 405 1485 concitate,
421 1419 477 1476 alia
489 1419 616 1490 remisse,
631 1419 686 1476 alia
699 1418 832 1490 docendi,
845 1418 899 1474 alia
913 1420 1045 1477 movendi

250 1515 342 1591 gratia
354 1515 493 1572 dioenda:
514 1533 636 1590 quorum
650 1516 779 1572 omnium
793 1513 940 1572 dissimilis
960 1526 1045 1590 atque

250 1609 340 1666 divisa
353 1610 427 1667 inter
440 1629 472 1667 se
484 1609 559 1666 ratio
570 1620 621 1667 est.
661 1611 710 1668 24.
731 1609 833 1685 Itaque
852 1627 889 1667 ne
909 1608 964 1666 hoo
985 1609 1045 1684 qui-

249 1705 313 1762 dem
334 1706 481 1778 suaserim,
502 1705 553 1763 uni
579 1725 610 1764 se
637 1707 724 1764 nlioui
744 1705 867 1782 propria,
889 1724 973 1780 quem
994 1725 1044 1781 per

248 1801 345 1858 omnia
371 1812 514 1877 sequatur,
536 1803 637 1860 adice
718 1801 856 1859 Omnium
875 1802 1045 1878 perfectissi-

247 1914 312 1954 mus
337 1898 505 1955 Graecorum
561 1909 651 1954 ernost
673 1916 758 1955 enen:
801 1898 910 1974 aliquid
948 1909 1042 1956 tamen

249 1993 345 2066 aliquo
371 1994 401 2050 in
427 1993 493 2050 loeo
515 1994 617 2050 melius
640 1994 706 2050 alii:
736 1994 860 2069 plurima
886 1994 942 2052 ille.
985 1995 1043 2052 Sed

248 2105 307 2144 non
320 2087 369 2161 qui
382 2087 505 2144 maxime
518 2088 681 2160 imitandus,
690 2099 719 2146 et
732 2089 809 2145 solus
822 2089 976 2145 imitandus
991 2099 1040 2146 est.

246 2183 295 2240 25.
316 2181 398 2244 Quid
418 2185 508 2259 ergot
528 2201 586 2240 non
606 2193 649 2240 est
669 2183 737 2241 satis
757 2183 854 2240 omnia
873 2183 915 2240 sie
935 2183 1040 2256 dioere,

248 2279 392 2352 quomodo
413 2279 455 2337 M.
475 2279 592 2337 Tullius
612 2280 704 2338 dixitt
744 2279 819 2337 Mihi
839 2279 954 2354 quidem
974 2280 1041 2338 satis

247 2386 332 2447 esset,
353 2376 378 2433 si
404 2377 501 2434 omnia
520 2377 657 2452 consequi
677 2395 799 2454 possem.
840 2376 922 2439 Quid
945 2387 1040 2435 tamen

247 2484 374 2545 moeret,
388 2473 444 2530 vim
465 2473 596 2545 cesaris,
612 2474 793 2549 asperitatem
810 2471 907 2546 coelii,
922 2473 1041 2551 diligen-

247 2568 316 2625 tiam
329 2569 476 2641 Pollionis,
488 2570 629 2646 judicium
638 2570 730 2642 Calvi,
740 2570 910 2646 quibusdam
925 2570 955 2627 iu
968 2571 1040 2628 louis

248 2682 391 2722 assumere
400 2667 499 2735 two.
520 2666 596 2723 Nam
616 2676 718 2742 praeter
739 2666 777 2737 id,
799 2667 874 2740 quod
893 2666 1040 2740 prudentis

247 2771 300 2832 est,
314 2763 391 2836 quod
404 2761 435 2818 in
448 2780 562 2838 quoque
574 2762 714 2837 optimum
729 2771 781 2832 est,
796 2761 821 2818 si
840 2762 940 2837 possit,
955 2781 1039 2820 suum

247 2856 358 2915 fauere:
379 2869 450 2930 tum,
464 2859 494 2916 in
507 2869 587 2916 tanta
599 2858 642 2916 rei
661 2858 841 2929 difficultate,
856 2877 945 2915 unum
966 2858 1040 2916 iutu-

247 2962 328 3010 entes
340 2954 388 3011 vix
402 2955 496 3029 aliqua
508 2973 574 3030 purs
587 2954 723 3029 seqnitur.
765 2953 890 3028 Ideoque
911 2974 978 3012 oum
998 2965 1039 3014 to·

245 3058 308 3106 tum
333 3051 499 3125 exprimere,
520 3069 603 3126 quem
624 3050 753 3128 elegeris,
774 3069 854 3127 paeue
874 3051 910 3108 sit
930 3052 1038 3110 homiui

246 3145 463 3204 inconcessum:
483 3148 607 3223 plurium
628 3149 703 3206 bone
724 3166 863 3224 ponamus
884 3158 949 3206 ante
972 3169 1038 3206 ocu-

244 3244 298 3316 los,
312 3254 344 3302 ut
365 3243 441 3302 aliud
461 3263 496 3302 ex
516 3243 573 3302 alin
586 3245 701 3319 hereat,
715 3254 753 3320 et,
767 3245 842 3324 quod
856 3245 961 3321 euique
972 3245 1037 3302 loeo

245 3342 407 3416 conveniat,
422 3351 559 3418 aptemus.
