2675 4009
438 581 520 631 nisu.
539 581 677 634 omen.
697 580 759 630 nte.
778 581 822 630 xt.
843 583 862 628 1.
1011 571 1052 634 88

253 729 296 792 illi
320 730 391 792 sitia
423 731 533 792 dicunt
569 731 683 792 .Vetba
715 749 830 810 quoque
855 729 1050 810 exquisitiora,
1152 749 1154 753 ·

252 839 282 886 et
307 829 479 906 compositio
504 847 658 888 numerosa
683 829 734 888 tali
759 829 905 905 proposito
930 828 1050 888 diversa.

252 926 300 984 at.
321 925 391 984 Non
404 926 482 984 enim
495 926 557 983 sola
570 925 619 982 illa
631 925 753 998 laetiora,
767 925 863 1002 qualia
877 944 894 984 a
907 925 1051 984 Cicerone

252 1021 398 1094 dicuntur,
412 1022 494 1079 Saea
507 1029 591 1098 atque
604 1021 770 1080 solitudines
783 1022 845 1080 voci
864 1021 1050 1098 respondenti

251 1117 302 1176 ned
329 1118 417 1176 etiam
443 1117 686 1192 illa,¹quanquam
705 1117 792 1192 plena
811 1117 969 1194 sanguinis,
997 1117 1051 1176 Voa

251 1213 323 1272 enim
333 1212 410 1288 jam,
423 1212 534 1270 Albani
554 1213 654 1270 tumuli
674 1221 759 1290 atque
773 1213 840 1280 luci,
854 1233 912 1285 uos,
925 1215 1051 1291 inquom,

251 1307 369 1384 imploro
388 1317 473 1386 atque
493 1316 589 1381 testor,
609 1328 721 1386 nosque,
742 1308 920 1366 Albanorum
945 1310 1052 1368 obruta

253 1423 323 1476 aaa,
337 1395 482 1464 detrorum
496 1405 600 1482 populi
613 1404 742 1464 Romani
761 1405 843 1464 socie
863 1413 890 1462 et
910 1407 1052 1482 equales:

150 1484 157 1494 ⁶
251 1518 310 1557 non
324 1501 497 1559 conveniant
510 1502 605 1560 barbae
620 1501 661 1559 illi
677 1511 761 1576 atque
771 1501 902 1588 tristitia.
943 1501 990 1560 35.
1011 1502 1054 1560 Aa

251 1596 294 1654 iir
321 1597 424 1670 ciuilis,
445 1617 569 1674 vereque
588 1599 712 1674 sapiens,
733 1597 784 1674 qui
810 1616 841 1658 se
867 1616 926 1656 non
953 1598 1053 1658 otiosis

251 1691 503 1771 disputationibus,
529 1694 581 1752 sed
615 1693 855 1752 administrationi
887 1694 1053 1771 reipublicae

251 1790 403 1859 dediderit,
424 1810 442 1848 a
461 1811 518 1866 qua
542 1791 711 1868 longissime
736 1791 794 1863 isti,
815 1790 866 1866 qui
891 1790 1054 1868 philosophi

250 1897 400 1957 vocantur,
414 1897 604 1967 recesserunt,
619 1887 727 1958 omnia,
742 1905 805 1962 quae
821 1887 856 1944 nd
870 1887 1054 1946 efficiendum

251 1982 391 2052 oratione,
412 1983 490 2056 quod
509 1983 700 2058 proposuerit,
714 1983 819 2054 valent,
833 1983 954 2040 libenter
976 1982 1054 2040 adhi-

252 2078 349 2136 bebit:
370 2096 438 2134 oum
456 2078 545 2153 prius,
560 2078 636 2152 quod
656 2079 809 2136 honestum
829 2078 875 2148 sit,
890 2079 1003 2136 efficere
1023 2079 1054 2136 in

253 2173 350 2232 animo
369 2193 423 2230 suo
443 2173 631 2231 constituerit
672 2174 719 2232 36.
741 2174 794 2232 Est
814 2173 891 2250 quod
909 2173 1055 2250 principes

253 2270 363 2340 donent,
386 2269 449 2328 aliis
475 2288 534 2328 non
562 2269 749 2327 eoncesseris.
791 2268 998 2346 Imperatorum
1019 2289 1054 2328 ae

252 2366 468 2441 triumphalium
495 2375 625 2442 separata
644 2375 689 2424 eat
710 2366 805 2440 aliqua
825 2377 960 2444 exparte
980 2367 1054 2426 ratio

253 2462 442 2538 eloquentiae:
463 2462 539 2520 siout
558 2462 714 2537 Pompeius
735 2462 847 2520 abunde
868 2445 991 2522 disertus
1010 2483 1054 2522 re-

252 2577 316 2616 rum
331 2578 446 2633 suarum
466 2569 612 2618 narrator:
634 2569 663 2616 et
683 2559 742 2626 hie,
757 2559 806 2634 qui
826 2559 903 2618 bello
924 2560 1001 2619 eivili
1021 2579 1054 2620 se

254 2655 406 2728 interfecit,
420 2656 495 2714 Cato
508 2656 646 2732 eloquens
665 2666 780 2714 senator
800 2655 861 2714 tirit.
902 2657 949 2716 37.
971 2657 1053 2716 Idem

254 2750 363 2808 dietum
377 2770 452 2828 saepe
467 2751 496 2808 in
511 2752 568 2810 alio
579 2752 713 2824 liberum,
728 2751 759 2808 in
780 2751 837 2808 alio
858 2752 1007 2823 furiosum,
1022 2752 1052 2810 in

255 2845 311 2902 alio
324 2847 478 2922 superbum
497 2857 547 2905 est.
588 2847 687 2906 Verba
707 2847 841 2906 adversus
861 2847 1054 2924 Agamemno·
1127 2839 1132 2848 ’

254 2961 322 3002 nem
336 2943 499 3001 aThersite
513 2943 610 3002 habita
622 2944 766 3002 ridentur:
788 2943 825 3002 da
838 2943 886 3002 illa
905 2943 1052 3018 Diomedi,

256 3039 340 3097 aliive
360 3039 408 3096 eui
426 3039 500 3115 pari,
521 3058 657 3116 magnum
685 3040 811 3098 animum
837 3040 911 3098 ferre
935 3060 994 3116 prm
1020 3060 1053 3100 se

254 3134 434 3192 ridebuntur.
475 3134 546 3210 Ego
571 3143 598 3193 te
624 3137 760 3194 consulem
774 3144 881 3213 putem,
903 3137 996 3212 inquit
1016 3137 1050 3196 L.

255 3231 377 3290 Crassus
390 3231 533 3307 Philippo,
542 3251 603 3289 eum
616 3240 648 3290 tu
662 3253 703 3290 me
715 3241 863 3310 amputes
874 3236 1050 3292 amatoreml

255 3325 320 3386 Vox
340 3325 546 3386 honestissime
572 3326 730 3400 libertatis3
756 3346 814 3388 non
840 3338 937 3388 tamen
963 3327 1052 3386 laires
1100 3315 1107 3331 '
