2675 4009
469 588 552 638 lusu.
571 587 709 636 ORATOR
729 587 790 636 utu.
810 589 842 636 Χ.
862 589 882 636 1.
1038 580 1072 640 ll

277 738 436 814 oculorum,
452 740 602 816 intelligo:
628 759 685 798 uec
708 749 742 798 ut
764 758 858 807 mucro
883 737 1010 816 gladium
1031 738 1075 798 sic

276 856 430 896 mucronem
452 838 565 914 gladius
591 819 755 902 ostendit&l
779 838 824 894 15.
847 836 906 894 Sed
933 846 964 893 ut
991 836 1075 911 copia

276 935 428 995 verborum
446 935 490 992 sic
509 944 635 1010 paratur,
654 935 695 992 ita
714 953 773 992 uon
791 934 943 991 verborum
963 942 1074 989 tantum

276 1032 369 1109 gratia
380 1031 535 1108 legendum
550 1031 593 1088 vel
608 1031 785 1088 audiendum
800 1040 851 1088 est.
892 1030 922 1088 N
926 1047 970 1087 arn
984 1029 1075 1088 omni·

275 1145 335 1199 um,
369 1145 549 1202 quaecunque
581 1127 728 1198 docemus,
747 1128 830 1238 *¹¹⁰⁰st
845 1138 911 1213 sunt
945 1146 1024 1199 exem
1046 1126 1055 1184 l
1079 1167 1103 1184 κ

234 1224 436 1321 νμηῐωιῑὶοῐα
459 1223 546 1280 etiam
573 1223 653 1298 ipsis,
678 1145 1075 1297 quemdad'datl'rftdlilld

276 1337 344 1376 cum
368 1338 414 1409 eq,
429 1319 478 1395 qui
499 1319 595 1390 discit,
616 1319 774 1404 perductus
794 1329 846 1390 est,
861 1330 893 1376 ut
913 1321 1074 1396 intelligere

276 1413 389 1474 casine
408 1406 639 1483 demonstrante,
655 1425 685 1473 et
705 1413 797 1491 sequi.
805 1415 865 1492 jam
886 1417 945 1472 suis
965 1417 1074 1474 viribus

275 1516 382 1592 possit:
409 1516 486 1591 quia,
515 1535 578 1592 qnae
606 1515 707 1572 doctor
734 1515 881 1590 praecepit,
909 1525 1004 1572 orator
1031 1535 1075 1572 os·

212 1613 245 1661 4.
275 1613 375 1671 tendit.

316 1711 361 1767 16.
390 1709 459 1768 Alia
483 1728 550 1767 vero
574 1710 733 1782 audientes,
755 1709 810 1767 alia
830 1709 959 1786 legentes
982 1709 1075 1787 magis

277 1805 417 1883 adjuvant.
459 1807 586 1874 Excitat,
611 1807 660 1883 qui
686 1807 767 1878 dicit,
793 1807 894 1882 spiritu
919 1807 994 1882 ipso,
1018 1825 1074 1864 nec

276 1902 401 1979 imagine
427 1913 457 1960 et
483 1903 592 1960 ambitu
618 1923 723 1974 rerum,
746 1904 796 1961 sed
823 1904 908 1961 rebus
936 1904 1072 1962 incendit.

276 1998 386 2056 Vivunt
405 1999 502 2056 omnia
521 2000 608 2071 enim,
627 2011 657 2058 et
679 2011 837 2072 moventur,
858 2001 1075 2076 excipimusque

277 2109 352 2150 nova
376 2093 432 2164 illa,
446 2095 524 2151 velut
543 2096 702 2166 nascentia,
717 2115 784 2152 eum
805 2096 900 2152 favore
922 2115 956 2152 ac
979 2096 1074 2153 solici-

276 2187 385 2246 tudine.
426 2187 493 2244 Nec
507 2188 622 2244 fortuna
634 2191 721 2245 modo
733 2189 846 2265 judicii,
862 2191 912 2247 sed
927 2191 1012 2247 etiam
1034 2191 1075 2267 ip·

277 2303 383 2356 sorum,
395 2285 444 2360 qui
458 2294 550 2356 orant,
564 2285 695 2360 periculo
710 2286 857 2344 afficimur.
901 2289 946 2346 17.
967 2287 1075 2346 Praeter

277 2382 350 2453 haec,
364 2400 418 2440 vox
438 2392 468 2440 et
488 2382 565 2440 ustio
586 2382 702 2454 decora,
721 2384 883 2456 commoda,
898 2395 931 2443 ut
951 2386 1072 2461 quisque

276 2478 359 2536 lucus
378 2479 542 2555 postulabit,
565 2481 853 2555 pronunciandi,ch
876 2483 1074 2558 potentissima
1139 2489 1142 2493 '

278 2574 309 2632 in
334 2575 467 2646 dicendo,
494 2576 577 2646 ratio,
601 2585 639 2647 et,
667 2587 699 2633 ut
725 2577 812 2634 semel
820 2543 944 2650 Ἦίω,
968 2580 1074 2656 pariter

277 2670 383 2742 omnia,
411 2671 524 2729 docent.
576 2670 612 2729 Iu
638 2673 764 2730 lectione
791 2675 898 2732 certius
920 2675 1072 2750 judicium,

278 2767 355 2842 quod
370 2767 497 2825 audienti
516 2768 680 2843 frequenter
702 2779 750 2827 aut
770 2789 839 2827 suus
859 2771 964 2846 cuique
985 2772 1072 2844 savar,

280 2874 329 2921 aut
338 2863 387 2922 ille
399 2864 578 2922 laudantium
593 2865 701 2922 clamor
715 2876 871 2941 extorquet.
915 2869 959 2926 18.
980 2868 1074 2927 Pudet

280 2961 357 3019 enim
368 2962 528 3034 dissentire,
538 2973 567 3020 et
576 2963 653 3020 uelut
665 2965 755 3022 tacita
768 2965 890 3041 quadam
900 2967 1074 3026 verecundia

280 3055 440 3116 inhibemur
460 3059 526 3134 plus
549 3060 633 3118 nobis
656 3061 783 3133 credere,
808 3080 875 3119 cum
903 3063 1017 3123 interim
1044 3074 1073 3123 et

279 3154 382 3212 vitiosa
393 3156 522 3231 pluribus
534 3117 677 3234 plillilt,
692 3171 721 3218 et
741 3179 758 3217 a
778 3162 935 3238 corrogatis
955 3163 1073 3221 lauden·

279 3261 326 3310 tur
339 3251 426 3310 ctiam
439 3273 502 3328 quae
514 3274 573 3313 non
585 3256 708 3332 placent.
727 3277 730 3282 ·
751 3257 796 3315 19.
820 3258 878 3316 Sed
892 3277 909 3318 e
929 3257 1072 3342 contrarie

279 3365 395 3428 quoque
420 3349 537 3424 accidit,
556 3361 589 3412 ut
610 3353 719 3430 optime
741 3353 827 3414 dietis
845 3355 967 3433 gretiam
985 3371 1073 3430 prava
