2675 4009
275 589 317 650 40
498 598 534 644 Μ.
553 595 623 643 FAB.
642 595 847 652 QUlNTlLlANl

277 747 385 808 similes
398 759 446 807 aut
459 747 611 806 dissimiles
624 746 709 805 bonis
722 746 819 805 simus.
861 745 992 804 Similem
1005 763 1071 804 raro

276 857 379 904 natura
390 855 512 922 praestat,
527 843 689 919 frequenter
703 843 832 902 imitatio.
875 843 933 900 Sed
953 841 1009 899 hoc
1029 843 1071 919 ip-

277 961 350 1013 sum,
365 942 440 1016 quod
453 951 532 998 tanto
546 940 704 998 faciliorem
718 941 801 998 nobis
821 939 960 997 rationem
980 938 1071 996 omni·

276 1057 325 1094 um
334 1037 411 1109 sacit,
421 1056 505 1112 quam
514 1037 568 1094 suit
578 1037 623 1104 iis,
635 1056 684 1111 qur
698 1037 779 1108 nihil,
790 1038 866 1112 quod
874 1047 1070 1112 sequerentur,

276 1133 446 1207 habuerunt,
461 1133 517 1192 nisi
537 1144 620 1192 caute
633 1144 662 1192 et
677 1153 744 1192 cum
760 1133 872 1211 judicio
887 1132 1073 1211 apprehendi·

275 1239 331 1301 tur,
345 1241 438 1289 nocet.

314 1326 342 1384 4.
370 1327 448 1385 Ante
462 1327 559 1386 omnia
572 1328 659 1406 igitur
673 1326 796 1384 imitatio
808 1346 858 1402 per
879 1347 911 1386 se
931 1327 993 1404 ipsa
1012 1345 1072 1384 nou

276 1423 390 1496 sufficit,
404 1425 448 1483 vel
462 1425 529 1500 quia
540 1425 616 1502 pigri
630 1435 673 1482 est
687 1423 806 1500 ingenii,
821 1435 989 1482 contentum
1009 1441 1073 1482 esse

276 1521 322 1593 iis,
331 1541 394 1597 quae
408 1522 465 1578 sint
480 1522 515 1578 ab
529 1521 591 1577 aliis
603 1521 725 1576 inventa.
765 1519 847 1580 Quid
859 1519 936 1577 enirn
945 1520 1072 1577 futurum

276 1629 336 1676 erat
350 1617 524 1693 temporibus
538 1617 604 1688 illis,
615 1636 678 1692 quae
692 1615 753 1672 sine
768 1616 898 1691 exemplo
912 1616 1036 1687 suerunt,
1047 1615 1072 1672 si

275 1712 405 1770 homines
419 1713 490 1770 nihil
503 1713 559 1770 nisi
573 1713 649 1788 quod
666 1713 726 1789 jam
741 1712 952 1789 cognovissent,
995 1712 1072 1770 c‘en-

208 1813 213 1824 '
276 1809 345 1867 dum
372 1810 427 1867 sibi
456 1821 504 1868 aut
531 1810 719 1887 cogitandum
744 1811 911 1884 putassentl
989 1751 1124 1884 empei‘l

275 1907 346 1968 nihil
367 1908 465 1966 fuisset
485 1908 640 1966 inventum.
680 1908 708 1964 5.
730 1905 790 1964 Cur
811 1906 897 1984 igitur
924 1906 1003 1964 nelas
1030 1915 1073 1964 est

275 2006 392 2081 reperiri
420 2005 526 2081 aliquid
547 2024 564 2062 a
585 2004 678 2076 nobis,
700 2003 776 2078 quod
803 2013 868 2061 ante
888 2021 946 2061 non
967 2002 1072 2061 fueritl

276 2103 325 2162 An
340 2103 381 2160 illi
394 2102 479 2163 rudes
493 2102 554 2160 sola
567 2102 671 2160 mentis
684 2111 786 2158 natura
799 2099 878 2158 ducti
889 2099 995 2158 suntin
1006 2099 1072 2172 hoc,

276 2211 381 2260 uttam
394 2201 484 2258 multa
496 2210 676 2278 generarent,
691 2219 744 2256 nos
759 2198 793 2256 ad
807 2198 993 2273 quaerendum
1015 2215 1073 2254 non

276 2316 312 2355 eo
324 2298 386 2372 ipso
406 2297 595 2364 concitemur,
609 2294 686 2370 quod
706 2305 784 2351 certe
804 2293 911 2350 scimus
931 2292 1073 2349 invenisse

276 2411 335 2462 eos,
349 2391 398 2466 qui
412 2391 604 2466 quesieruntl
644 2391 672 2446 6.
694 2387 732 2444 Et
746 2407 813 2444 cum
827 2388 878 2459 illi,
893 2388 942 2462 qui
962 2388 1073 2444 nullum

276 2487 444 2563 cujusquam
465 2486 507 2543 rei
527 2485 689 2542 habuerunt
709 2483 885 2560 magistrum,
900 2483 1022 2560 plurima
1042 2484 1071 2542 in

275 2594 403 2662 posteros
416 2582 594 2650 tradiderint,
608 2581 692 2639 nobis
705 2581 907 2638 usus-aliarum
921 2599 1016 2638 rerum
1037 2581 1072 2638 ad

276 2681 416 2740 eruendas
430 2680 498 2738 alias
512 2699 569 2738 non
582 2679 718 2756 proderit,
733 2677 783 2735 sed
802 2677 873 2735 nihil
894 2677 1071 2751 habebimus,

276 2779 332 2836 nisi
346 2777 477 2836 beneficii
493 2777 597 2835 alienil
618 2773 857 2851 quemadmodum
878 2775 993 2850 quidam
1013 2776 1072 2851 pic·

276 2888 353 2934 tores
367 2877 396 2934 in
416 2878 446 2935 id
466 2876 559 2934 solum
579 2874 704 2946 student,
726 2884 758 2932 nt
778 2874 940 2931 describere
960 2875 1071 2932 tabulas

277 2974 418 3043 mensuris
432 2991 466 3030 ac
479 2972 563 3031 lineis
583 2963 753 3044 sciantl'tgff.
774 2969 875 3047 Turpe
895 2955 980 3028 etiem
1001 2971 1071 3029 illud

277 3079 330 3141 est,
351 3080 517 3127 contentum
537 3087 600 3128 esse
620 3069 649 3125 id
676 3067 823 3143 consequi,
844 3068 920 3143 quod
941 3068 1068 3126 imiteris.

277 3166 355 3225 Nam
380 3185 479 3223 rursus
505 3165 574 3242 quid
600 3175 661 3222 eret
688 3165 824 3237 firturum,
845 3165 869 3222 si
895 3183 980 3223 nemo
1006 3165 1070 3242 plus

278 3263 419 3322 effecisset
432 3280 477 3334 eo,
492 3281 576 3338 quem
596 3263 784 3337 sequebaturl
824 3261 906 3320 Nihil
927 3261 1069 3338 inpolitis
