2675 4009
288 585 346 644 rto
511 591 547 639 rr.
566 592 635 640 mu
655 589 861 647 ouururnum

288 759 347 800 non
361 742 462 810 defuit,
476 741 557 800 nulla
569 760 616 800 me
630 741 715 800 velim
734 741 842 817 syllebn
861 738 996 818 effingiat:
1017 737 1092 797 elio·

288 839 337 915 qui
351 840 436 897 etiem
450 826 576 896 scribere
589 838 626 896 sit
646 857 864 914 supervacuum.
904 836 996 912 quue
1013 855 1091 911 prte-

289 936 373 1012 cipue
395 955 411 992 e
429 935 525 1011 pueris
549 934 746 1005 obtinendum,
768 944 853 1010 atque
873 933 902 990 in
922 933 997 991 hunc
1017 949 1091 988 con·

288 1031 468 1089 suetudinem
489 1030 627 1088 memorie
647 1029 853 1087 exercitatione
866 1028 1031 1105 redigenda,
1046 1045 1089 1084 ne

287 1126 370 1184 uobis
384 1127 527 1184 discemus
541 1127 699 1204 ignoscere.
739 1125 865 1201 Ideoque
878 1135 906 1182 et
927 1123 1088 1194 admoneri,

288 1229 318 1278 et
346 1219 381 1277 ed
410 1221 538 1279 libellum
566 1221 709 1297 respicere
735 1220 879 1292 vitiosum,
900 1217 976 1294 quod
1002 1217 1090 1274 iiber·

288 1325 376 1376 tatem
397 1316 579 1395 negligentis
601 1317 680 1388 facit,
693 1335 750 1374 nec
769 1317 919 1391 quisquam
939 1331 1088 1390 ceparum

287 1425 386 1474 tenere
403 1415 523 1493 judicat,
538 1415 625 1490 quod,
639 1433 676 1472 ne
696 1413 751 1470 sibi
771 1413 894 1485 excidat,
914 1432 973 1471 non
994 1413 1086 1470 timet.

287 1513 335 1572 46.
356 1512 428 1570 Inde
442 1513 616 1586 interruptus
631 1509 753 1567 aetionis
766 1510 897 1584 impetus,
908 1521 937 1568 et
950 1511 1088 1568 resistens

290 1627 324 1664 nc
338 1609 481 1664 salebrosa
494 1606 596 1676 oratio,
610 1615 639 1662 et
652 1605 701 1678 qui
721 1605 799 1661 dicit·
813 1605 952 1688 ediscenti
972 1604 1087 1676 similis,

289 1702 375 1760 etiem
403 1719 518 1758 ornnem
543 1701 618 1758 bene
646 1699 818 1776 scriptorum
845 1700 966 1776 gretiam
992 1701 1089 1776 perdit

288 1797 331 1854 vel
366 1797 421 1854 hoc
453 1797 525 1873 ipso,
559 1797 636 1872 quod
668 1797 817 1872 scripsisse
850 1815 882 1854 se
921 1797 1085 1856 confitetur.

288 1891 431 1951 Memoria
465 1904 559 1951 eutem
600 1893 669 1952 iecit
708 1894 794 1951 etiam
832 1892 936 1970 promti
975 1893 1088 1969 ingenii

289 1991 402 2062 fumum,
417 1999 449 2048 ut
463 1990 521 2060 itta,
536 2009 599 2065 quae
614 1990 748 2062 dicimus,
761 2007 821 2047 non
841 1989 927 2048 domo
947 1989 1087 2062 attulisse,

289 2087 339 2146 sed
353 2086 394 2144 ibi
413 2087 542 2164 protinus
562 2086 697 2144 sumsisse
709 2087 872 2144 videamur:
893 2085 969 2161 quod
983 2095 1012 2143 et
1024 2103 1089 2144 orn·

288 2184 345 2244 tori
370 2193 399 2241 et
419 2183 473 2259 ipsi
493 2203 586 2241 cnusae
606 2184 759 2259 plurimum
781 2183 899 2241 confert.
938 2182 987 2239 47.
1007 2181 1088 2240 Nam

289 2291 318 2340 et
331 2280 422 2356 magis
436 2280 564 2351 miretur,
579 2290 608 2337 et
623 2281 718 2337 minus
731 2280 814 2338 timet
831 2279 928 2354 judex,
943 2297 1006 2353 quen
1025 2297 1088 2338 non

288 2385 370 2449 putat
385 2374 517 2430 adversus
538 2392 569 2430 se
588 2384 752 2448 praeparata.
793 2374 895 2449 Itaque
915 2375 945 2432 in
966 2374 1089 2432 actioni·

289 2469 343 2526 bus
370 2478 443 2524 inter
469 2469 613 2543 precipua
639 2469 810 2526 servandum
829 2481 882 2542 est,
903 2481 935 2529 ut
953 2470 1087 2547 quedem

289 2563 386 2636 etium,
401 2583 463 2638 quie
477 2564 583 2640 optime
596 2565 748 2636 vinximus,
762 2565 840 2622 vetut
852 2567 946 2624 soluta
966 2568 1087 2625 enunci-

290 2679 380 2733 emus‚
395 2670 424 2718 et
444 2660 638 2738 cogitantibus
657 2679 864 2736 nonuunquam
883 2674 913 2720 et
932 2664 1088 2722 dubitanti-

289 2758 343 2816 bus
369 2757 477 2816 similes
503 2775 629 2832 querere
656 2758 813 2830 videamur,
839 2779 902 2834 quae
929 2761 1084 2821 attulimus.

289 2853 336 2912 ts.
359 2853 437 2932 Ergo
457 2855 525 2930 quid
545 2855 582 2913 sit
601 2854 749 2930 optimum,
764 2856 907 2914 neminem
927 2856 1009 2934 fugit
1050 2858 1086 2916 Si

289 2967 357 3006 vero
383 2963 431 3010 aut
458 2952 595 3009 memorie
621 2962 723 3008 nutura
748 2951 846 3010 durior
871 2953 936 3021 erit,
957 2964 1085 3012 autnon

289 3043 487 3122 suffragabitur
501 3058 621 3123 tempus,
635 3048 722 3106 etium
735 3047 837 3107 inutile
856 3049 912 3107 erit
931 3050 967 3108 ed
986 3051 1086 3110 omnia

289 3159 320 3200 se
352 3142 437 3200 verbe
470 3143 594 3220 elligere,
628 3163 695 3202 cum
728 3129 834 3202 oblivio
866 3145 952 3204 unius
982 3165 1084 3206 eorum

289 3235 451 3312 cujuslibet,
465 3248 513 3294 eut
526 3238 682 3297 deformem
703 3240 919 3312 destitutionem,
934 3242 1084 3300 nuteriam

289 3331 432 3396 sitentium
447 3332 579 3406 inducnt3
600 3336 745 3413 tutiusque
758 3337 1085 3415 multo;·comprehensis
