2675 4009
289 574 345 636 rat
507 581 542 628 ιι.
561 579 629 627 ιιι.
650 577 856 636 uummmnr

290 740 377 802 dtus,
393 729 509 801 dieue,
530 729 611 792 basta
630 727 751 786 humero
769 727 935 804 dependens
953 725 1085 786 immine*

286 837 345 886 rett
359 838 391 888 ut
404 828 428 886 si
441 826 534 886 calore
546 825 661 884 dioendi
675 825 764 883 vitare
777 824 806 882 id
819 823 983 895 excidisset,
995 822 1085 882 odeu-

289 923 398 984 sationo
424 922 474 980 illa
498 931 734 990 commoneretur.
777 919 979 980 Ambulautem
999 918 1083 994 loqui

289 1019 329 1078 ita
341 1020 454 1078 demum
475 1026 594 1093 oportet,
609 1016 633 1074 si
654 1016 685 1074 in
702 1016 798 1074 oausis
816 1016 952 1092 publiois,
968 1015 998 1074 in
1018 1015 1081 1090 qui·

289 1115 341 1174 bus
361 1113 442 1172 multi
463 1123 529 1170 sunt
545 1111 666 1188 judiees,
681 1112 757 1187 quod
776 1112 909 1184 dicimus,
922 1111 1005 1186 quasi
1024 1110 1081 1168 siu·
1187 1148 1188 1153 κ

288 1209 363 1288 gulis
382 1209 528 1276 inculeare
546 1207 728 1284 peculiariter
747 1207 874 1274 velimus.
917 1208 982 1266 131.
1003 1205 1080 1266 Illud

289 1319 355 1364 tero
387 1323 446 1364 nou
479 1305 636 1376 ferendum,
663 1303 740 1378 quod
766 1302 890 1377 quidam,
916 1303 1025 1379 reiecta
1049 1303 1080 1360 iu

289 1401 438 1472 humerum
463 1412 539 1479 toga,
566 1419 632 1460 oum
665 1400 765 1456 dextra
795 1397 891 1454 sinum
922 1417 1013 1474 usque
1044 1399 1080 1458 ad

289 1498 400 1558 lumbos
432 1499 613 1562 reduxerunt,
647 1495 762 1554 sinistra
798 1503 911 1570 gestum
943 1493 1081 1554 facientes

289 1595 443 1671 spatiantur
470 1603 498 1650 et
526 1592 703 1649 fabulantur:
731 1607 798 1646 oum
818 1589 905 1647 etiam
923 1588 1079 1650 levarure·

289 1690 427 1766 stringere
452 1688 560 1764 prolata
591 1687 708 1763 lougius
740 1685 840 1743 dextra
871 1685 909 1743 sit
941 1685 1079 1758 odiosum,

288 1786 371 1846 Unde
385 1803 511 1858 moneor,
526 1795 558 1844 ut
570 1803 608 1844 ne
621 1785 650 1844 id
664 1784 779 1862 quidem
800 1794 952 1855 transeam,
967 1783 1083 1860 ineptis·

288 1882 360 1942 sime
379 1882 452 1956 fieri,
471 1901 537 1940 oum
557 1881 630 1940 inter
651 1899 746 1943 moras
764 1880 962 1938 laudationum
982 1893 1031 1938 aut
1050 1880 1081 1940 iu

290 1997 386 2040 aurem
420 1979 540 2056 alieujus
570 1979 734 2054 loquuntur,
762 1986 811 2036 aut
837 1996 905 2036 oum
936 1977 1083 2038 sodalibus

291 2075 433 2154 iocantur,
465 2087 512 2136 aut
544 2093 748 2152 nonuunquam
782 2073 818 2130 ud
850 2072 982 2132 librarios
1014 2091 1084 2132 suos

289 2173 329 2232 ita
354 2173 519 2249 respiciunt,
547 2182 578 2230 ut
604 2171 760 2247 sportulam
786 2169 895 2228 dictare
921 2169 1081 2232 videantur.

291 2269 354 2328 132.
374 2269 511 2328 Iueliuari
526 2268 561 2325 ad
572 2269 709 2344 judicem,
723 2284 791 2325 oum
810 2266 924 2336 doceas,
939 2266 1038 2341 utique
1056 2265 1083 2324 si

289 2363 328 2430 id,
343 2364 379 2421 de
392 2382 449 2438 quo
467 2363 601 2436 loquaris,
616 2363 653 2419 sit
672 2361 833 2430 obscurius,
846 2359 923 2418 lieet
964 2359 1084 2420 Incum-

289 2459 356 2518 bere
376 2459 512 2516 advocato
533 2457 658 2514 adversis
677 2455 819 2512 subselliis
839 2453 960 2526 sedenti,
980 2467 1085 2516 oontu·

288 2553 444 2614 mellosum.
485 2551 633 2610 Reelinsri
647 2551 732 2610 etiarn
754 2549 788 2606 ad
808 2568 885 2620 suos,
899 2561 929 2608 et
947 2552 1082 2612 manibus

177 2721 179 2723 ,
288 2650 431 2722 sustineri,
445 2648 501 2708 nisi
519 2648 604 2725 plane
621 2648 698 2726 justa
717 2645 894 2722 fatigatione,
909 2647 1079 2722 delicatum3

289 2749 365 2808 siout
400 2746 494 2824 pelam
531 2745 651 2820 moueri,
685 2742 853 2816 excidentis,
887 2755 937 2802 aut
973 2744 1079 2822 legere.

291 2846 355 2904 133.
376 2844 509 2921 Namque
522 2843 552 2902 in
566 2842 610 2900 his
629 2841 762 2900 omnibus
782 2850 810 2898 et
830 2840 872 2898 vis
892 2841 942 2900 illu
961 2841 1078 2902 dicendi

289 2940 415 3013 solvitur,
431 2950 459 3000 et
473 2939 600 3017 frigescit
614 2937 741 3010 affectus,
755 2946 785 2994 et
802 2935 889 3013 judex
908 2956 1010 3014 parum
1023 2939 1079 2998 sibi

284 3037 415 3114 ,praestari
435 3035 598 3096 reverentiae
618 3034 717 3094 eredit
758 3031 897 3092 Transire
917 3033 1080 3096 indiverso

289 3132 430 3204 subsellia,
444 3151 542 3208 parum
560 3132 753 3192 verecundum
772 3138 823 3188 est
862 3128 941 3188 Nam
960 3140 990 3188 et
1008 3130 1080 3192 Cas·

289 3230 348 3290 slus
380 3229 502 3292 Severus
533 3228 641 3298 urbane
673 3226 806 3287 adversus
838 3224 894 3284 hoo
925 3224 1078 3288 faoienten

289 3324 379 3396 lineas
397 3324 536 3406 poposcit
577 3323 616 3384 Et
635 3323 659 3384 si
680 3320 834 3402 aliquando
852 3321 996 3384 eonoitrte
1009 3323 1077 3401 itur,
