2675 4009
438 613 520 660 nisu.
539 613 676 661 omunia
696 613 757 660 ms.
776 613 807 660 x.
828 614 849 660 s.
1005 603 1046 664 os

184 784 186 788 ·
248 763 380 837 temporis
408 783 443 822 ac
474 762 533 820 loci
558 765 713 839 plurimum
741 774 791 822 est.
845 763 918 821 Haec
943 761 1042 840 paucis

250 859 398 917 admodum
412 861 489 918 horis
509 880 627 937 magnas
647 861 735 917 etiam
755 879 856 917 causas
878 859 1043 935 complecti·

248 965 299 1013 tur.
341 956 424 1028 Haec,
438 957 550 1032 quoties
571 956 748 1012 intermissus
768 965 811 1012 est
831 973 956 1026 somnus,
973 954 1041 1030 ipsis

247 1053 339 1110 noctis
372 1053 496 1109 tenebris
523 1051 677 1127 adjuvatur.
733 1052 806 1110 Haeo
832 1052 905 1109 inter
933 1051 1043 1108 medios

247 1167 340 1206 rerum
368 1160 449 1205 actus
476 1148 582 1222 aliquid
612 1147 721 1205 invenit
746 1148 839 1218 vacui,
865 1167 920 1206 uec
953 1148 1042 1205 otium

246 1244 358 1320 patitur.
397 1245 426 1301 2.
448 1243 552 1319 Neque
578 1263 646 1301 vero
672 1263 767 1300 rerum
795 1244 923 1301 ordinem
947 1244 1041 1316 mode,

247 1341 323 1416 quod
337 1340 427 1416 ipsum
442 1341 511 1398 satis
531 1351 601 1412 erat,
616 1341 692 1398 intra
711 1359 742 1398 se
762 1340 824 1416 ipsa
843 1339 977 1415 disponit,
992 1340 1042 1398 red

246 1437 333 1493 rerba
345 1437 431 1494 etiam
445 1438 570 1514 copulat,
584 1447 730 1512 totamque
750 1437 791 1493 ita
811 1435 938 1492 contexit
957 1437 1042 1492 crati·
1101 1459 1104 1468 ’

245 1551 339 1605 onem,
360 1542 392 1590 ut
418 1533 445 1590 ei
472 1533 543 1591 nihil
571 1543 673 1611 preter
700 1551 815 1591 manum
843 1531 923 1589 desit.
964 1529 1042 1590 Nam

245 1630 388 1687 memorie
422 1649 535 1705 quoque
567 1631 734 1706 plerumque
768 1629 887 1686 inhaeret
919 1627 1040 1700 fidelius,

245 1727 320 1802 quod
334 1727 413 1784 nulla
426 1728 571 1785 scribendi
584 1727 738 1785 securitate
751 1720 869 1785 laxatur‘.

284 1823 342 1880 Sed
355 1843 392 1880 ne
407 1824 443 1881 ad
458 1825 532 1881 hanc
543 1824 658 1900 quidem
668 1823 727 1880 viru
741 1821 886 1900 cogitandi
899 1823 1041 1899 perveniri

242 1928 337 1993 potest
364 1929 412 1976 aut
439 1920 543 1990 subito,
572 1929 620 1976 aut
647 1919 714 1976 cito.
763 1919 790 1976 3.
814 1917 890 1976 Nam
917 1920 1041 1996 primum

244 2012 376 2070 facienda
401 2015 492 2070 multo
512 2014 577 2071 stilo
598 2015 689 2072 frma
709 2023 762 2084 est,
783 2033 846 2089 quae
873 2033 926 2072 nos
953 2016 1042 2073 etiarn

171 2156 174 2168 .
244 2107 404 2184 cogitantes
430 2120 662 2184 sequatur:¹tum
684 2110 868 2166 assumendus
887 2130 956 2168 usus
974 2129 1045 2186 pau-

243 2204 334 2276 latim,
362 2215 394 2262 ut
418 2224 511 2280 pauca
535 2205 659 2281 primum
687 2205 909 2280 complectamur
937 2206 1040 2278 animo,

243 2319 307 2376 quae
320 2302 401 2358 reddi
422 2301 541 2360 fideliter
561 2301 686 2378 possint:
707 2319 774 2358 mox
793 2319 843 2377 per
864 2301 1040 2362 incrementa

241 2407 301 2454 tarn
314 2399 437 2470 modica,
451 2383 483 2455 ut
496 2397 608 2456 onerari
629 2417 661 2456 se
680 2398 760 2456 labor
781 2397 828 2456 ille
848 2411 906 2456 non
925 2399 1038 2472 sentiat,

242 2494 373 2571 augenda
391 2495 444 2566 vis,
465 2505 494 2553 et
520 2494 725 2553 exercitatione
751 2493 840 2552 multa
866 2495 1039 2554 continenda

241 2601 295 2662 est,
310 2611 372 2666 quae
387 2592 501 2667 quidem
515 2592 639 2650 maxima
658 2609 694 2648 ex
712 2602 792 2668 parte
812 2591 950 2648 memoria
970 2611 1038 2650 con·

240 2698 313 2744 stat:
341 2687 463 2763 ideoque
490 2689 585 2764 aliqua
603 2688 674 2745 mihi
695 2688 724 2746 in
745 2687 825 2744 iilum
846 2687 939 2744 locum
960 2687 1039 2744 diffe-

239 2783 331 2840 renda
343 2794 417 2841 sunt.
458 2784 486 2842 4.
507 2784 553 2841 Εο
566 2796 661 2842 tamen
675 2783 813 2859 pervenit,
828 2792 859 2839 ut
872 2782 906 2854 is,
918 2783 965 2839 cui
979 2801 1037 2841 non

203 2873 209 2892 '
240 2879 398 2962 refragetur
419 2880 575 2957 ingenium,
597 2880 657 2937 acri
677 2879 772 2936 studio
794 2878 906 2954 adjutus
925 2887 1036 2936 tantum

158 2956 179 3020 ',
239 2965 441 3050 consequatur,
456 2987 488 3034 ut
501 2977 528 3034 ei
548 2987 604 3033 tam
625 2996 689 3052 quae
710 2975 851 3052 cogitarit,
866 2993 950 3050 quam
971 2995 1035 3051 quar

238 3070 386 3146 scripserit
422 3083 505 3148 atque
537 3072 696 3143 edidicerit,
730 3071 760 3130 in
793 3070 916 3128 dicendo
948 3071 1034 3130 tidem

237 3179 360 3226 servent.
409 3169 514 3227 Cicero
540 3179 618 3226 certe
642 3170 811 3226 Graecorum
837 3166 1033 3225 Metrodorum

237 3265 392 3342 Scepsium
417 3276 447 3323 et
466 3264 619 3342 Empylum
638 3265 797 3338 Rhodium,
817 3274 1034 3340 nostrorumque
